1975 2892
542 87 1068 132 ΕΥΤΕΡΠΗ.-ιι.
1105 85 1337 149 175-180·
1617 79 1732 136 21⁷

145 154 211 191 οι.
234 153 294 190 52.
316 151 455 191 4—68.
473 151 531 200 3.]

146 206 451 272 ἀπεδέξατο,
481 208 562 260 καὶ
589 206 649 274 δὴ
680 207 760 260 καὶ
787 211 927 260 τοῖσι
959 207 1369 274 ἀπικνευμένοισι
1395 204 1450 260 ἐς
1476 201 1738 276 Αἴγυπτον

143 285 305 338 ἔδωκε
332 283 619 356 Ναύκρατιν
653 287 809 340 πόλιν
836 285 1115 353 ἐνοικῆσαι·
1159 287 1300 338 τοῖσι
1336 285 1392 338 δὲ
1427 283 1496 352 μὴ
1533 286 1733 348 βουλο·

142 363 349 430 μένοισι
376 363 540 416 αὐτῶν
566 363 766 428 οἷκέειν,
797 364 956 416 αὐτοῦ
995 363 1049 416 δὲ
1085 362 1549 430 ναυτιλλομένοισι,
1579 361 1736 415 ἔδωκε

138 443 347 511 χώρους
385 438 753 511 ἐνιδρύσασθαι
799 441 1010 509 βωμοὺς
1057 441 1140 493 καὶ
1185 440 1394 504 τεμένεα
1433 439 1618 492 θεοῖσι.
1675 440 1734 494 τὸ
1752 458 1779 499 2

142 519 239 588 μέν
280 541 368 572 νυν
404 520 653 590 μέγιστον
690 521 857 573 αὐτῶν
895 518 1120 587 τέμενος,
1163 519 1246 571 καὶ
1292 517 1736 584 οὗνομαστότατον

141 597 233 650 ἐὸν
272 598 355 650 καὶ
392 599 806 668 χρησιμώτατον,
849 595 1159 665 καλεύμενον
1198 597 1255 649 δὲ
1293 594 1585 665 Ἑλλήνιον,
1623 592 1734 648 αἵδε

140 678 299 730 πόλις
340 675 446 728 εἶσὶ
488 678 539 728 αἱ
588 675 845 746 ἱδρυμέναι
891 678 1051 743 κοινῇ,
1092 674 1278 728 Ἰώνων
1314 675 1426 742 μὲν,
1467 673 1609 732 Χίος,
1652 673 1735 726 καὶ

142 753 299 814 Τέως,
328 754 409 806 καὶ
438 756 656 818 Φώκαια,
686 754 770 807 καὶ
798 754 1138 822 Κλαζομεναί·
1183 753 1419 823 Δωριέων
1445 753 1518 813 δέ,
1541 751 1730 818 Ῥόδος,

144 833 230 885 καὶ
266 832 467 892 Κνίδος,
507 833 590 885 καὶ
622 831 1052 903 Ἀλικαρνησσὸς,
1091 831 1174 886 καὶ
1210 833 1459 898 Φάσηλις·
1505 829 1734 884 Αἰολέων

145 910 223 971 δὲ,
254 909 283 976 ἧ
326 911 683 976 Μυτιληναίων
720 909 900 979 μούνη.
956 907 1152 964 τούτων
1189 909 1284 978 μέν
1323 910 1439 963 ἐστι
1478 912 1631 962 τοῦτο
1671 909 1729 963 τὸ
1749 923 1774 965 8

144 989 371 1056 τέμενος,
414 989 495 1041 καὶ
534 991 830 1059 προπότας
872 992 964 1042 τοῦ
1011 987 1261 1060 ἐμπορίου
1301 987 1447 1041 αὗται
1486 989 1538 1041 αἱ
1576 989 1731 1042 πόλις

145 1065 253 1119 εἶσὶ
279 1069 332 1119 αἱ
354 1066 697 1137 παρέχουσαι.
736 1066 856 1120 ὅσαι
883 1068 939 1121 δὲ
966 1067 1126 1120 ἄλλαι
1146 1068 1299 1120 πόλις
1324 1068 1726 1134 μεταποιεῦνται,
1749 1077 1775 1120 4

146 1145 297 1197 οὐδέν
336 1146 440 1214 σφι
477 1147 659 1214 μετεὸν
696 1149 1101 1214 μεταποιεῦνται.
1150 1145 1311 1216 χωρὶς
1352 1145 1426 1205 δὲ,
1468 1144 1730 1215 Αἰγινῆται

145 1221 230 1276 ἐπ’
258 1223 457 1276 ἑωυτῶν
498 1221 771 1293 ἱδρύσαντο
812 1225 1018 1291 τέμενος
1059 1227 1198 1280 Διός·
1243 1224 1326 1276 καὶ
1365 1223 1502 1276 ἄλλο
1530 1223 1726 1291 Σάμιοι,

136 1300 328 1370 Ἥρης·
387 1302 469 1354 καὶ
516 1300 785 1369 Μιλῆσιοι,
827 1301 1176 1358 Ἀπόλλωνος.
1406 1297 1514 1354 Ἠν
1560 1301 1616 1353 δὲ
1668 1301 1727 1352 τὸ
1753 1295 1865 1358 179

146 1380 371 1434 παλαιὸν
407 1377 566 1448 μούνη
607 1379 636 1447 ἡ
671 1378 955 1452 Ναύκρατις
995 1379 1254 1450 ἐμπόριον,
1285 1380 1367 1432 καὶ
1406 1378 1542 1430 ἄλλο
1582 1377 1729 1430 οὐδὲν

147 1455 432 1528 Αἶγύπτου.
488 1457 533 1510 εἷ
559 1458 618 1511 δέ
642 1480 719 1514 τις
743 1455 797 1514 ές
822 1463 923 1511 τῶν
948 1478 1000 1511 τι
1025 1459 1161 1510 ἄλλο
1191 1458 1460 1525 στομάτων
1483 1458 1578 1508 τοῦ
1603 1455 1726 1508 Νεί-

144 1539 251 1589 λου
296 1536 543 1597 ἀπίκοιτο,
586 1538 717 1608 χρῆν
756 1537 943 1605 ὀμόσαι
986 1541 1022 1562 “
1041 1535 1109 1603 μὴ
1149 1535 1242 1604 μὲν
1281 1537 1456 1588 ἑκόντα
1495 1531 1725 1586 ἐλθεῖν·”

146 1615 483 1682 ἀπομόσαντα
510 1615 584 1674 δέ,
612 1619 672 1682 τῇ
702 1611 784 1682 νηῒ
807 1615 933 1682 αὐτῇ
956 1614 1136 1668 πλέειν
1161 1612 1215 1668 ἐς
1250 1614 1309 1666 τὸ
1337 1614 1652 1676 Κανωβικόν·
1695 1611 1725 1681 ἦ
1749 1633 1775 1673 2

148 1691 199 1745 εἶ
237 1690 305 1760 μή
346 1714 407 1763 γε
449 1688 533 1745 οἶά
571 1713 627 1746 τε
668 1691 741 1759 ε’ίη
781 1695 911 1762 πρὸς
948 1692 1161 1761 ἀνέμους
1199 1691 1399 1746 ἀντίους
1431 1689 1626 1750 πλέειν,
1662 1691 1728 1744 τὰ

148 1769 345 1840 φορτία
381 1771 489 1824 ἔδεε
523 1773 783 1842 περιάγειν
807 1769 865 1824 ἐν
887 1773 1072 1842 βάρισι
1108 1771 1224 1842 περὶ
1261 1771 1322 1824 τὸ
1350 1770 1545 1829 Δέλτα,
1573 1767 1728 1839 μέχρι

147 1847 215 1900 οὗ
265 1847 497 1902 ἀπίκοιτο
550 1849 603 1904 ἐς
648 1847 951 1920 Ναύκρατιν,
1017 1846 1150 1902 οὕτω
1195 1848 1287 1918 μὲν
1333 1849 1393 1916 δὴ
1442 1845 1728 1918 Ναύκρατις

148 1926 432 1994 ἐτετίμητο.
670 1923 1054 1997 Ἀμφικτυόνων
1080 1929 1134 1982 δὲ
1160 1927 1534 1997 μισθωσάντων
1559 1927 1648 1981 τὸν
1673 1925 1727 1979 ἐν
1753 1923 1864 1980 180

148 2005 416 2073 Δελφοῖσι
443 2008 531 2058 νῦν
557 2006 701 2058 ἐόντα
738 2007 856 2073 νηὸν
889 2007 1194 2076 τριηκοσίων
1227 2008 1488 2059 ταλάντων
1514 2005 1724 2076 ἐξεργά-

148 2081 368 2134 σασθαι·
403 2080 457 2149 (ὁ
482 2084 583 2154 γὰρ
600 2086 851 2154 πρότερον
872 2085 966 2138 ἐὼν
980 2083 1158 2136 αὐτόθι
1183 2084 1474 2152 αὐτομάτως
1494 2084 1724 2149 κατεκάη·

146 2159 273 2214 τοὺς
308 2161 550 2230 Δελφοὺς
586 2163 642 2215 δὲ
678 2162 939 2226 ἐπέβαλλε
973 2165 1365 2232 τεταρτημόριον
1399 2163 1491 2213 τοῦ
1525 2160 1724 2228 μισθώ-

144 2259 311 2307 ματος
342 2239 681 2310 παρασχεῒν·)
722 2242 1042 2308 πλανώμενοι
1079 2240 1133 2293 δὲ
1170 2241 1218 2292 οἱ
1248 2239 1451 2308 Δελφοὶ
1484 2238 1603 2307 περὶ
1637 2236 1729 2290 τὰς

144 2318 323 2377 πόλις,
354 2317 668 2383 ἐδωτίναζον·
718 2322 977 2374 ποιεῦντες
1014 2318 1070 2370 δὲ
1109 2320 1278 2377 τοῦτο,
1317 2316 1406 2368 οὔκ
1446 2315 1729 2383 ἐλάχιστον

148 2393 213 2459 ἐξ
251 2391 513 2465 Αἰγύπτου
560 2397 828 2449 ἐνείκαντο.
898 2394 1129 2463 Ἀμασις
1161 2396 1256 2463 μὲν
1291 2395 1392 2465 γάρ
1431 2394 1536 2462 σφι
1575 2393 1728 2445 ἔδωκε
1751 2401 1778 2443 2

144 2471 300 2540 χίλια
327 2474 639 2544 στυπτηρίης
662 2476 905 2528 τάλαντα·
948 2475 999 2527 οἱ
1035 2475 1092 2527 δὲ
1128 2474 1181 2527 ἐν
1207 2471 1447 2543 Αἰγύπτῳ
1483 2470 1731 2526 οἰκέοντες

113 2548 417 2618 ,Ἷζλληνειη
446 2548 609 2604 εἴκοσι
635 2552 803 2620 μνέας.
