1975 2892
594 128 971 177 ΚΛΕΙΩ.-1.
1009 127 1249 187 183-186.
1601 127 1710 179 101

102 192 178 232 01.
198 192 262 231 60.
285 192 344 239 8.]

108 248 325 305 τοῦτον,
355 242 547 296 ἄνωθεν
582 244 834 313 διώρυχας
860 242 1111 314 ὀρύξασα,
1143 242 1276 297 οὕτω
1317 241 1378 312 δή
1415 266 1465 298 τι
1502 245 1715 312 ε’ποίησε

110 325 357 380 σκολιὸν,
389 323 525 374 ὥστε
562 323 622 389 δὴ
660 323 769 392 τρὶς
806 322 857 376 ἐς
896 328 998 375 τῶν
1034 324 1145 375 τινὰ
1183 324 1388 391 κωμέων
1422 329 1524 377 τῶν
1560 324 1614 376 ἐν
1649 326 1712 389 τῇ

103 398 382 471 Ἀσσυρίῃ
420 400 702 453 ἀπικνέεται
737 398 885 468 ῥέων.
930 402 992 467 τῇ
1029 402 1084 453 δὲ
1113 402 1250 468 κώμῃ
1280 404 1470 469 οὔνομά
1498 402 1630 462 ἐστι,
1659 400 1756 466 ε’ςε

111 480 210 546 τὴν
248 479 535 531 ἀπικνέεται
572 481 599 531 ὁ
636 476 947 549 Εὗφρήτης,,
968 478 1285 549 Ἀρδέρικκα.
1331 480 1412 531 καὶ
1449 484 1537 532 νῦν
1567 476 1616 531 οἳ
1653 480 1716 532 ἂν

108 558 425 624 κομίζωνται
446 557 545 609 ἀπὸ
567 558 725 624 τῆσδε
746 560 835 624 τῆς
863 556 1137 623 θαλάσσης
1159 558 1210 611 ἐς
1239 559 1538 621 Βαβυλῶνα,
1560 578 1712 609 καται-

107 636 367 689 πλέοντες
395 636 445 689 ἐς
466 637 553 687 τὸν
581 633 857 704 Εὐφρήτην
875 637 1123 703 ποταμὸν,
1148 635 1257 705 τρίς
1282 656 1338 687 τε
1364 634 1419 689 ἒς
1444 635 1534 702 τὴν
1560 634 1716 702 αὐτὴν

108 712 309 781 ταύτην
336 715 503 781 κώμην
528 714 907 783 παραγίνονται,
933 715 1014 766 καὶ
1043 714 1096 766 ἐν
1115 714 1257 783 τρισὶ
1281 712 1519 783 ἡμέρῃσι.
1558 716 1710 766 τοῦτο

107 793 209 858 μὲν
256 792 318 859 δὴ
372 795 574 843 τοιοῦτο
630 792 859 858 ε’ποίησε.
944 797 1102 859 Χῶμα
1155 793 1210 844 δὲ
1261 793 1541 861 παρέχωσε
1590 790 1709 863 παρ’
1733 813 1759 853 4

108 872 361 940 ἑκάτερον
386 874 477 922 τοῦ
506 873 738 937 ποταμοῦ
765 871 824 922 τὸ
850 872 1053 939 χεῖλος,
1077 870 1221 935 ἄξιον
1241 869 1520 938 θὼυματος,
1549 870 1709 940 μέγα-

110 949 209 1003 θος
241 950 323 1000 καὶ
350 945 490 1017 ὕψος
518 947 647 999 ὅσον
672 948 723 999 τί
750 948 883 1001 ε’στι.
928 946 1208 1018 κατύπερθε
1235 949 1290 1001 δὲ
1316 948 1501 1021 πολλῷ
1537 950 1708 1011 Βαβυ-
1731 973 1755 1011 5

106 1030 289 1081 λῶνος
328 1025 538 1097 ὤρυσσε
575 1026 796 1096 ἔλυτρον
831 1027 1005 1095 λίμνῃ,
1036 1027 1216 1097 ὀλίγον
1250 1048 1300 1078 τι
1333 1027 1712 1097 παρατείνουσα

110 1106 223 1158 ἀπὸ
254 1108 346 1157 τοῦ
373 1107 622 1171 ποταμοῦ,
644 1105 809 1167 βάθος
834 1106 927 1171 μὲν
954 1106 1006 1159 ἐς
1033 1111 1090 1157 τὸ
1119 1103 1256 1175 ὕδωρ
1276 1104 1354 1157 ἀεὶ
1381 1102 1707 1175 ὀρύσσουσα,

112 1182 273 1253 εὖρος
320 1183 374 1235 δὲ
416 1184 474 1236 τὸ
514 1183 818 1253 περίμετρον
856 1184 1012 1235 αὐτοῦ
1051 1186 1272 1237 ποιεῦσα
1313 1180 1480 1236 ε’ίκοσί
1529 1205 1587 1235 τε
1627 1184 1712 1237 καὶ

112 1260 469 1330 τετρακοσίων
524 1261 765 1313 σταδίων·
820 1264 911 1314 τὸν
964 1262 1019 1315 δὲ
1073 1262 1427 1331 ὀρυσσόμενον
1477 1265 1608 1331 χοῦν
1655 1261 1710 1314 ἐκ

113 1337 311 1392 τούτου
350 1342 441 1392 τοῦ
481 1336 767 1409 ὀρύγματος
806 1340 1080 1407 ἀναισίμου
1120 1341 1256 1411 παρὰ
1295 1341 1359 1392 τὰ
1397 1339 1578 1408 χείλεα
1617 1340 1710 1391 τοῦ

112 1420 361 1485 ποταμοῦ
412 1416 763 1487 παραχέουσα.
823 1418 933 1471 ἐπεί
984 1439 1041 1470 τε
1089 1418 1146 1471 δέ
1185 1419 1234 1470 οἶ
1275 1416 1488 1488 ὤρυκτο,
1529 1414 1710 1471 λίθους
1733 1437 1758 1478 ο

116 1496 431 1567 ἀγαγομένη,
462 1497 677 1565 κρηπῖδα
705 1494 873 1569 κύκλῳ
900 1496 1019 1565 περὶ
1053 1496 1207 1562 αὐτὴν
1232 1498 1426 1563 ἤλασε.
1508 1492 1711 1547 Ἐποίεε
1733 1514 1757 1558 τ

118 1576 179 1627 δὲ
223 1574 491 1643 ἀμφότερα
536 1578 711 1634 ταῦτα,
754 1578 843 1627 τόν
887 1595 945 1626 τε
983 1575 1213 1641 ποταμὸν
1254 1573 1484 1633 σκολιὸν,
1529 1572 1610 1623 καὶ
1651 1573 1710 1625 τὸ

117 1650 325 1723 ὄρυγμα
350 1655 450 1705 πᾶν
472 1652 615 1706 ἕλος·
660 1654 727 1707 ὣς
746 1652 777 1705 ὅ
803 1674 858 1705 τε
884 1653 1113 1719 ποταμὸς
1137 1649 1451 1721 βραδύτερος
1477 1646 1570 1716 ε’ίη,
1593 1653 1710 1720 περὶ

120 1730 327 1797 καμπὰς
352 1731 555 1784 πολλὰς
582 1729 874 1801 ἀγνύμενος,
906 1732 988 1783 καὶ
1015 1732 1064 1783 οἱ
1089 1732 1244 1784 πλόοι
1272 1730 1408 1781 ἔωσι·
1427 1728 1632 1781 σκολιοὶ
1658 1728 1711 1784 ές

120 1808 218 1875 τὴν
246 1811 545 1873 Βαβυλῶνα·
591 1809 645 1861 ἔκ
672 1831 727 1861 τε
754 1815 854 1862 τῶν
872 1812 1052 1863 πλόων
1079 1807 1333 1875 ἐκδέκηται
1359 1808 1596 1879 περίοδος
1621 1809 1711 1876 τῆς

120 1887 309 1954 λίμνης
333 1884 515 1958 μακρή.
562 1888 687 1940 κατὰ
718 1891 863 1941 τοῦτο
892 1889 946 1941 δὲ
974 1888 1233 1959 εἰργάζετο
1260 1890 1350 1955 τῆς
1374 1888 1544 1957 χώρης
1570 1890 1631 1955 τῇ
1658 1882 1755 1952 αἷς

122 1987 181 2017 τε
218 1965 440 2029 ἐσβολαὶ
474 1963 626 2032 ἦσαν,
656 1967 737 2019 καὶ
770 1968 835 2018 τὰ
862 1964 1090 2033 σύντομα
1124 1967 1214 2033 τῆς
1250 1966 1304 2020 ἐκ
1340 1964 1530 2032 Μήδων
1567 1966 1706 2025 ὁδοῦ,

124 2041 207 2095 ἵνα
244 2043 311 2111 μὴ
350 2044 734 2115 ἐπιμισγόμενοι
772 2046 821 2097 οἱ
862 2045 1030 2112 Μῆδοι
1071 2043 1424 2111 ἐκμανθάνοιεν
1459 2044 1612 2111 αὐτῆς
1647 2043 1710 2095 τὰ

124 2119 416 2191 πρήγματα.
656 2126 824 2176 Ταῦτα
848 2123 941 2190 μὲν
960 2122 1021 2189 δὴ
1052 2122 1106 2174 ἐκ
1131 2121 1320 2186 βάθεος
1346 2124 1705 2191 περιεβάλετο·
1738 2124 1850 2179 186

124 2196 327 2266 τοιήνδε
355 2199 410 2253 δὲ
438 2200 500 2266 ἐξ
523 2201 687 2253 αὐτῶν
706 2199 1022 2272 παρενθήκην
1042 2198 1339 2265 ἐποιήσατο.
1409 2201 1509 2265 Τῆς
1527 2201 1710 2252 πόλιος
1733 2212 1758 2251 2

126 2275 319 2343 εὀύσης
360 2276 449 2331 δύο
491 2278 755 2349 φαρσέων,
793 2282 888 2331 τοῦ
923 2278 980 2331 δὲ
1016 2280 1248 2345 ποταμοῦ
1286 2276 1450 2343 μέσον
1481 2277 1707 2344 ἔχοντος,

130 2356 215 2407 ε’πὶ
255 2360 355 2408 τῶν
406 2359 658 2427 πρότερον
707 2355 974 2422 βασιλέων
1015 2354 1144 2409 ὅκως
1195 2374 1272 2409 τις
1313 2353 1485 2407 ἐθέλοι
1522 2352 1580 2405 ε’κ
1620 2356 1711 2407 τοῦ

129 2431 305 2503 έτέρου
364 2434 601 2504 φάρσεος
651 2434 705 2489 ἒς
756 2436 998 2503 τοῦτερον
1051 2434 1306 2498 διαβῆναι,
1358 2434 1491 2501 χρῆν
1541 2432 1711 2503 πλοίῳ

132 2512 427 2575 διαβαίνειν.
472 2514 554 2565 καὶ
578 2510 657 2578 ἦν,
688 2513 755 2567 ὣς
783 2512 882 2583 ἐγὼ
910 2511 1088 2569 δοκέω,
1118 2510 1345 2579 ὀχληρὸν
1371 2512 1542 2561 τοῦτο·
1585 2506 1711 2575 αὕτη

132 2589 189 2641 δὲ
226 2589 307 2642 καὶ
341 2592 492 2643 τοῦτο
526 2591 751 2661 προεῖδε.
795 2589 907 2643 ε’πεί
940 2610 998 2642 τε
1031 2589 1131 2660 γὰρ
1157 2586 1369 2657 ὤρυσσε
1403 2588 1462 2639 τὸ
1490 2587 1714 2655 ἔλυτρον
