1975 2892
482 159 1014 205 EYTEP11H.—-11.
1044 158 1219 220 4⁶·49·
1533 147 1654 222 ,14⁷

62 268 158 334 τὴν
196 266 353 334 νηδὺν
385 265 641 338 γινομένῃ·
686 267 769 319 καὶ
804 268 977 320 ἔπειτα
1017 267 1270 337 καταγίζει
1308 267 1452 338 πυρί.
1496 267 1558 320 τὰ
1599 269 1652 322 δὲ
1674 287 1700 329 ε

62 347 207 398 ἅλλα
246 345 369 415 κρέα
396 343 649 398 σιτέονται
687 345 741 398 ἐν
766 349 827 412 τῇ
863 343 1186 416 πανσελήνῳ,
1217 346 1272 398 ἐν
1296 351 1358 414 τῇ
1393 347 1454 400 ἂν
1479 348 1542 399 τὰ
1571 349 1655 418 ἱρὰ

63 423 298 476 θύσωσι·
342 423 394 474 ἐν
426 423 562 489 ἄλλῃ
590 422 647 474 δὲ
684 420 839 493 ἡμέρῃ
868 422 959 475 οὐκ
985 423 1048 474 ἂν
1072 422 1148 474 ἔτι
1171 425 1468 492 γευσαίατο.
1511 426 1561 478 οἱ
1598 426 1652 478 δὲ
1672 440 1698 480 6

60 503 281 567 πένητες
308 501 471 553 αὐτῶν
506 499 589 554 ὑπ’
618 500 883 562 ἀσθενείης
917 501 1040 563 βίου
1069 501 1328 556 σταιτίνας
1361 504 1656 558 πλάσαντες

62 579 140 640 ὗς,
167 580 253 632 καὶ
272 577 587 646 ὀπτήσαντες
605 577 807 640 ταύτας,
830 577 1034 632 θύουσι.
1213 583 1294 652 Τῷ
1315 579 1369 632 δὲ
1398 579 1652 652 Διονύσῳ,
1671 586 1748 639 48

62 661 157 725 τῆς
198 659 353 728 ὁρτῆς
387 659 449 724 τῇ
488 655 689 727 δορπίῃ,
726 660 907 727 χοῖρον
940 659 1042 727 πρὸ
1079 651 1180 711 τῶν
1216 656 1408 728 θυρέων
1444 659 1654 727 σφάξας

64 736 306 795 ἕκαστος,
336 736 470 788 διδοῖ
492 734 849 806 ἀποφέρεσθαι
876 737 965 788 τὸν
988 739 1170 807 χοῖρον
1195 736 1332 808 αὐτῷ
1364 741 1436 809 τῷ
1461 737 1650 790 ἀποδο-

61 815 203 886 μένῳ
230 819 335 866 τῶν
372 813 667 876 συβωτέων.
710 812 802 880 τὴν
828 815 883 867 δὲ
920 816 1088 881 ἅλλην
1121 816 1370 884 ἀνάγουσι
1404 815 1558 885 ὁρτὴν
1583 817 1653 889 τῷ
1664 829 1691 869 2

63 890 309 964 Διονύσῳ
337 893 387 945 οἱ
412 890 699 962 Αἰγύπτιοι,
728 892 866 959 πλὴν
898 898 1087 964 χορῶν,
1117 894 1244 946 κατὰ
1277 893 1434 946 ταύτὰ
1462 895 1654 963 σχεδὸν

60 973 235 1024 πάντα
251 969 501 1037 Ἕλλησι.
546 971 658 1023 ἀντὶ
685 970 740 1023 δὲ
778 973 1020 1038 φαλλῶν,
1049 971 1190 1024 ἄλλα
1225 971 1330 1040 σφί
1366 971 1479 1024 ε’στι
1507 973 1687 1038 ἐξω-3

61 1048 261 1118 ρημένα
306 1048 437 1102 ὅσον
480 1071 539 1101 τε
582 1051 805 1117 πηχυαῖα
852 1049 1122 1118 ἀγάλματα
1166 1052 1542 1120 νευρόσπαστα,
1585 1053 1652 1104 τὰ

58 1126 445 1198 περιφορέουσι
474 1127 599 1180 κατὰ
626 1129 792 1194 κώμας
816 1129 1064 1193 γυναῖκες,
1095 1130 1240 1181 νεῦον
1265 1129 1324 1180 τὸ
1351 1128 1559 1190 αἰδοῖον,
1590 1129 1650 1182 οὗ

60 1209 256 1277 πολλῷ
281 1205 379 1278 τέῳ
401 1206 641 1258 ἔλασσον
660 1205 743 1257 ἐὸν
759 1208 849 1257 τοῦ
866 1204 1033 1259 ἄλλου
1055 1207 1308 1274 σώματος.
1347 1207 1648 1277 προηγέεται
1661 1219 1688 1260 4

62 1284 121 1336 δὲ
150 1284 329 1339 αὐλός·
370 1285 422 1335 αἱ
458 1284 513 1336 δὲ
542 1282 745 1336 ἕπονται
780 1282 1044 1336 ἀείδουσαι
1080 1286 1171 1337 τὸν
1204 1287 1475 1338 Διόνυσον.
1521 1286 1685 1338 &da-2⁵

60 1362 121 1414 δὲ
150 1361 307 1429 μέζον
332 1383 390 1413 τε
415 1363 523 1430 ἔχει
550 1363 609 1414 τὸ
631 1361 839 1420 αἰδοῖον,
864 1363 943 1414 καὶ
971 1363 1120 1415 κινέει
1145 1365 1333 1431 μοῦνον
1351 1366 1444 1416 τοῦ
1471 1364 1647 1430 σώμα-

60 1461 175 1504 τος,
207 1435 323 1492 ἔστι
352 1442 511 1508 λόγος
536 1440 654 1508 περὶ
688 1439 843 1491 αὐτοῦ
876 1440 983 1510 ἱρὸς
1015 1442 1312 1510 λεγόμενος.
1507 1438 1650 1507 Ἤδη
1664 1433 1742 1487 49

60 1517 141 1571 ὧν
193 1518 357 1570 δοκέει
408 1538 496 1586 μοι
552 1519 865 1585 Μελάμπους
912 1519 939 1568 ὁ
973 1516 1292 1585 Ἀμυθέωνος
1333 1520 1422 1586 τῆς
1467 1516 1652 1585 θυσίης

57 1594 254 1662 ταύτης
280 1595 372 1649 οὐκ
398 1590 522 1648 εἶναι
548 1594 720 1663 ἀδαὴς,
750 1594 870 1648 ἀλλ’
900 1595 1156 1665 ἔμπειρος.
1205 1592 1436 1663 Ἕλλησι
1461 1596 1562 1666 γὰρ
1589 1597 1649 1664 δὴ
1663 1600 1688 1640 2

58 1676 388 1742 Μελάμπους
426 1674 540 1726 ε’στὶ
581 1677 610 1726 ὁ
657 1673 1034 1744 ἐξηγησάμενος
1071 1676 1163 1726 τοῦ
1203 1671 1459 1727 Διονύσου
1493 1675 1554 1726 τό
1595 1695 1652 1727 τε

57 1756 279 1820 οὕνομα,
317 1753 399 1805 καὶ
438 1752 529 1814 τὴν
564 1751 765 1818 θυσίην,
805 1752 887 1804 καὶ
922 1751 1014 1819 τὴν
1049 1751 1257 1820 πομπὴν
1289 1755 1380 1805 τοῦ
1416 1754 1647 1822 φαλλοῦ.

58 1831 316 1900 ἀτρεκέως
334 1830 427 1898 μὲν
446 1831 507 1882 οὗ
531 1832 695 1884 πάντα
714 1830 999 1894 συλλαβὼν
1019 1832 1108 1883 τὸν
1131 1833 1292 1902 λόγον
1311 1831 1484 1900 ἔφηνε·
1528 1831 1648 1885 ἀλλ’
1663 1850 1690 1890 8

5 1901 7 1976 ἶ
58 1911 115 1962 οἱ
146 1909 489 1979 ἐπιγενόμενοι
517 1906 678 1979 τούτῳ
708 1909 965 1976 σοφισταὶ
995 1910 1216 1977 μεζόνως
1243 1909 1514 1979 ἐξέφηναν.
1559 1912 1690 1968 τὸνί

5 1979 7 2016 3
62 1986 111 2040 δ’
142 1986 214 2039 ὧν
240 1988 451 2055 φαλλὸν
485 1987 574 2039 τὸν
599 1990 671 2058 τῷ
707 1984 943 2058 Διονύσῳ
977 1990 1301 2056 πεμπόμενον
1336 1991 1650 2058 Μελάμπους

62 2066 185 2118 ε’στὶ
212 2067 243 2117 ὁ
270 2066 697 2135 κατηγησάμενος·
744 2065 825 2116 καὶ
846 2063 1152 2118 ἀπὸτούτου
1178 2066 1424 2132 μαθόντες
1442 2071 1650 2121 ποιεῦσι

61 2145 131 2196 τὰ
167 2147 376 2196 ποιεῦσι
402 2141 670 2210 Ἕλληνες.
728 2141 862 2215 Ἐγὼ
901 2143 994 2211 μέν
1031 2141 1118 2196 νύν
1153 2145 1289 2212 φημι
1329 2147 1686 2212 Μελάμποδαε

60 2224 340 2292 γενόμενον
375 2220 534 2291 ἄνδρα
570 2222 760 2290 σοφὸν,
789 2219 1031 2289 μαντικήν
1065 2242 1124 2273 τε
1159 2223 1328 2293 ἑωυτῷ
1365 2225 1648 2289 συστῆσαι,

63 2302 148 2352 καὶ
174 2298 461 2368 πυθόμενον
495 2298 581 2352 ἀπ’
608 2297 887 2370 Αἰγύπτου,
917 2298 1056 2351 ἄλλα
1085 2320 1143 2350 τε
1178 2299 1354 2351 πολλὰ
1387 2297 1648 2369 ἐσηγήσα-

64 2377 195 2431 σθαι
222 2375 473 2446 Ἕλλησι,
503 2379 583 2430 καὶ
619 2378 683 2430 τὰ
712 2378 829 2448 περὶ
865 2379 955 2430 τὸν
992 2379 1264 2436 Διόνυσον,
1298 2375 1452 2445 ὀλίγα
1487 2377 1652 2430 αὐτῶν

64 2455 491 2526 παραλλάξαντα.
535 2455 595 2508 οὔ
614 2456 713 2527 γὰρ
735 2455 795 2523 δὴ
819 2454 1132 2522 συμπεσέειν
1156 2475 1218 2524 γε
1246 2451 1404 2522 φήσω
1426 2455 1488 2506 τά
1513 2477 1569 2507 τε
1597 2456 1688 2510 ε’νσ

64 2532 313 2604 Αἰγύπτῳ
347 2531 620 2602 ποιεύμενα
655 2535 725 2604 τῷ
765 2532 882 2603 θεῷ,
918 2533 999 2584 καὶ
1035 2532 1098 2584 τὰ
1140 2532 1194 2584 ἐν
1227 2534 1367 2583 τοῖσι
1397 2529 1644 2596 Ἕλλησι·

66 2612 339 2676 ὁμότροπα
362 2610 465 2676 γὰρ
484 2609 545 2664 ἂν
564 2608 627 2668 ἦν
646 2613 785 2664 τοῖσι
802 2607 1052 2676 ”Ελλησι,
1083 2609 1164 2662 καὶ
1190 2608 1250 2661 οὔ
1279 2609 1464 2663 νεωστὶ
1489 2609 1649 2678 ε’σαγ-
