1975 2892
546 133 591 178 θ
603 132 749 178 ΑΔΕ
761 131 1025 177 IA.-—111.
1060 138 1206 192 27-31
1218 163 1230 177 .
1564 122 1681 183 237

81 194 167 233 01.
183 194 247 235 68.
262 194 398 236 4—64.
418 196 479 243 8.]

85 252 287 321 πεμψε
327 252 379 306 ἐς
420 250 632 321 Πέρσας
669 251 850 325 φθόνῳ
894 254 952 320 ἐξ
995 252 1275 325 Αἰγύπτου,
1313 254 1394 309 ὅτι
1434 257 1495 309 τὸ
1537 258 1694 324 τόξον

85 332 290 399 μοῦνος
324 328 571 400 Περσέων
596 328 725 383 ὅσον
760 352 817 383 τε
853 331 936 385 ε’πὶ
973 330 1065 385 δύο
1102 331 1381 389 δακτύλους
1408 332 1600 406 εἴρυσε,
1631 338 1690 388 τὸ

85 408 243 477 παρὰ
295 411 388 461 τοῦ
438 406 688 463 Αἰθίοπος
731 410 930 477 ἤνεικαν
975 410 1027 462 οἱ
1070 409 1429 480 Ἰχθυοφάγοι·
1484 416 1585 466 τῶν
1631 414 1689 466 δὲ

87 487 282 537 ἄλλων
316 484 562 555 Περσέων
588 485 754 541 οὐδεὶς
789 483 896 543 οἷός
931 508 988 540 τε
1016 488 1235 559 ἐγένετο.
1316 489 1688 559 Ἀποιχομένου
1705 514 1729 553 8

93 562 176 617 ὦν
203 564 255 619 ἐς
289 563 500 634 Πέρσας
526 567 616 617 τοῦ
653 564 912 634 Σμέρδιος,
943 564 1074 636 ὄψιν
1109 561 1211 619 εἶδε
1248 569 1276 620 ὁ
1314 567 1598 635 Καμβύσης
1636 569 1690 621 ἐν
1752 566 1793 596 ⁶

90 646 176 715 τῷ
201 638 340 715 ὕπνῳ
367 639 583 709 τοιήνδε.
628 642 777 708 ἔδοξέ
792 644 842 695 οἷ
869 644 1095 715 ἄγγελον
1114 644 1337 699 ἐλθόντα
1362 645 1419 697 ἐκ
1444 646 1730 715 Περσέων4

93 720 404 790 ἀγγέλλειν,
427 720 497 774 ὣς
522 722 577 773 ἐν
602 723 673 793 τῷ
701 719 864 793 θρόνῳ
885 726 956 794 τῷ
980 717 1245 795 βασιληίῳ
1274 724 1501 791 ἱζόμενος
1527 724 1687 795 Σμέρ-

95 799 200 857 δις,
229 800 292 865 τῇ
317 799 520 867 κεφαλῇ
548 801 641 851 τοῦ
675 799 893 868 οὐρανοῦ
918 798 1165 870 ψαύσειε.
1248 803 1390 872 Πρὸς
1416 800 1485 854 ὦν
1510 805 1685 863 ταῦτα,
1705 822 1730 862 5

95 876 282 931 δείσας
305 877 424 946 περὶ
451 877 642 928 ἑωυτοῦ
667 875 734 945 μή
762 898 849 945 μιν
867 877 1167 933 ἀποκτείνας
1192 882 1221 932 ὁ
1248 880 1505 949 ἀδελφεὸς
1530 880 1686 949 ἄρχῃ,

93 954 289 1021 πέμπει
327 954 646 1024 Πρηξάσπεα
671 955 725 1009 ἐς
758 955 985 1026 Πέρσας,
1017 955 1073 1011 ὃς
1107 955 1169 1023 ἦν
1195 959 1244 1010 οἷ
1280 958 1405 1028 ἀνὴρ
1440 959 1689 1027 Περσέων

93 1034 430 1093 πιστότατος,
459 1032 824 1085 ἀποκτενέοντά
859 1054 964 1101 μιν.
1008 1037 1037 1087 ὁ
1075 1035 1149 1096 δὲ,
1178 1035 1373 1099 ἀναβὰς
1408 1036 1461 1091 ἐς
1494 1040 1683 1098 Σοῦσα,
1703 1055 1729 1097 ο

96 1108 361 1163 ἀπέκτεινε
377 1109 608 1179 Σμέρδιν·
648 1111 698 1164 οἱ
712 1111 805 1178 μὲν
822 1112 1059 1183 λέγουσι,
1080 1112 1157 1166 ἐπ’
1174 1112 1334 1183 ἄγρην
1350 1114 1685 1186 ἐξαγαγόντα·

98 1189 154 1241 οἱ
190 1188 264 1249 δὲ,
294 1188 346 1244 ἐς
380 1188 474 1255 τὴν
498 1184 751 1259 Ἐρυθρὴν
786 1188 1062 1243 θάλασσαν
1096 1194 1495 1263 προσαγαγόντα
1534 1213 1685 1245 κατα-

96 1271 384 1320 ποντῶσαι.
594 1272 810 1338 Πρῶτον
840 1269 935 1335 μὲν
960 1268 1021 1336 δὴ
1048 1270 1268 1340 λέγουσι
1304 1268 1561 1338 Καμβύσῃ
1588 1276 1686 1324 τῶν
1704 1265 1775 1321 31

100 1349 268 1397 κακῶν
301 1344 453 1415 ἄρξαι
490 1347 660 1397 τοῦτο.
704 1342 914 1415 δεύτερα
948 1346 1006 1399 δὲ
1046 1347 1361 1418 ἐξεργάσατο
1402 1349 1495 1415 τὴν
1534 1348 1686 1401 ἀδελ-

99 1422 254 1491 φεὴν,
285 1422 630 1492 ἐπισπομένην
655 1423 705 1475 οἱ
733 1423 786 1478 ές
810 1420 1089 1494 Αἴγυπτον,
1118 1429 1183 1491 τῇ
1217 1424 1298 1477 καὶ
1326 1424 1576 1485 συνοίκεε,
1606 1426 1685 1478 καὶ

6 1544 8 1549 .
96 1498 166 1567 ἦν
209 1501 260 1553 οἱ
306 1500 390 1555 ἀπ’
438 1500 744 1572 ἀμφοτέρων
782 1499 1034 1571 ἀδελφεή.
1084 1502 1239 1572 ἔγημε
1278 1502 1333 1554 δὲ
1374 1502 1529 1569 αὐτὴν
1568 1502 1682 1555 ὧδε·
1701 1512 1727 1553 2

99 1579 336 1646 οὗδαμῶς
367 1580 468 1650 γὰρ
503 1577 731 1632 ἐώθεσαν
763 1581 1017 1649 πρότερον
1042 1583 1164 1647 τῇσι
1192 1579 1483 1647 ἀδελφεῇσι
1511 1599 1684 1632 συνοι-

99 1657 235 1710 κέειν
274 1656 493 1727 Πέρσαι.
537 1655 738 1727 ἠράσθη
780 1658 898 1725 μιῆς
931 1662 1035 1709 τῶν
1074 1657 1345 1726 ἀδελφεῶν
1383 1655 1684 1726 Καμβύσης,

100 1735 185 1787 καὶ
231 1735 404 1788 ἔπειτα
446 1738 766 1803 βουλόμενος
809 1734 966 1802 αὐτὴν
1008 1737 1183 1806 γῆμαι,
1234 1733 1312 1787 ὅτι
1358 1734 1448 1787 οὐκ
1496 1734 1686 1788 ἐωθότα

101 1814 304 1866 ἐπενόεε
329 1810 584 1880 ποιήσειν,
614 1810 776 1883 εἴρετο
805 1813 1031 1868 καλέσας
1055 1813 1175 1867 τοὺς
1207 1807 1517 1881 βασιληίους
1543 1814 1683 1866 δικα-

103 1891 251 1952 στὰς,
275 1888 325 1943 εἴ
346 1892 424 1946 τίς
445 1892 559 1944 ε’στι
580 1889 800 1943 κελεύων
827 1893 977 1959 νόμος
1002 1894 1093 1945 τὸν
1117 1893 1437 1960 βουλόμενον
1456 1892 1685 1961 ἀδελφεῇ

104 1969 402 2023 συνοικέειν.
474 1971 536 2022 01
563 1970 618 2022 δέ
644 1967 915 2036 βασιλὴἳοι
941 1970 1177 2024 δικασταὶ
1204 1971 1481 2041 κεκριμένοι
1508 1970 1684 2041 ἄνδρες
1698 1977 1723 2017 ⁸

97 2048 328 2119 γίνονται
363 2047 628 2117 Περσέων,
658 2048 711 2102 ἐς
746 2046 807 2100 οὗ
842 2047 1160 2109 ἀποθάνωσι,
1188 2050 1225 2117 ἤ
1260 2050 1365 2117 σφι
1400 2048 1685 2118 παρευρεθῇ

99 2147 151 2179 τι
178 2125 368 2187 ἄδικον,
396 2125 548 2195 μέχρι
585 2123 789 2178 τούτου.
832 2123 973 2177 οὗτοι
1010 2126 1066 2178 δὲ
1092 2129 1233 2178 τοῖσι
1268 2126 1510 2195 Πέρσῃσι
1546 2126 1724 2179 alnas*

99 2204 384 2268 δικάζουσι,
414 2204 496 2256 καὶ
534 2203 772 2273 ἐξηγηταὶ
804 2208 906 2254 τῶν
939 2202 1169 2272 πατρίων
1204 2203 1409 2270 θεσμῶν
1437 2202 1684 2272 γίνονται,

99 2283 184 2335 καὶ
202 2283 366 2334 πάντα
383 2281 434 2335 ἐς
451 2279 661 2335 τούτους
678 2280 960 2333 ἀνακέαται.
993 2280 1269 2350 Εἷρομένου
1280 2279 1349 2333 ὧν
1357 2282 1447 2332 τοῦ
1470 2278 1684 2347 Καμβύ-
1700 2278 1725 2319 ⁸

101 2382 227 2421 σεω,
263 2358 589 2429 ὑπεκρίνοντο
625 2359 760 2431 αὐτῷ
801 2357 941 2411 οὗτοι
976 2360 1059 2411 καὶ
1093 2358 1259 2411 δίκαια
1293 2358 1374 2410 καὶ
1413 2357 1681 2425 ἀσφαλέα·

99 2439 340 2508 φάμενοι,
375 2438 530 2504 νόμον
555 2436 736 2489 οὐδένα
777 2436 1108 2505 ἐξευρίσκειν,
1138 2434 1194 2490 ὃς
1226 2433 1418 2487 κελεύει
1459 2435 1687 2503 ἀδελφεῇ

102 2514 383 2569 συνοικέειν
403 2514 678 2582 ἀδελφεόν·
703 2514 866 2565 ἄλλον
885 2515 977 2583 μέν
993 2536 1072 2566 τοι
1094 2514 1408 2583 ἐξευρηκέναι
1425 2514 1596 2582 νόμον,
1615 2516 1687 2584 τῷ

98 2590 439 2659 βασιλεύοντι
486 2591 732 2662 Περσέων
769 2592 966 2658 ἐξεῖναι
990 2592 1182 2647 ποιέειν
1218 2593 1279 2645 τὸ
1315 2591 1379 2645 ἂν
1408 2589 1684 2659 βούληται.
