1975 2892
318 69 433 126 212
906 75 1314 122 ΗΡΟΔΟΤΟΥ
1966 111 1967 114 ,

1521 134 1594 182 [A.
1613 135 1659 173 c.
1679 135 1901 177 ιιι-570.

320 188 609 262 ραιρημένα.
648 189 769 242 τάδε
790 188 845 241 δὲ
866 187 921 240 ε’ν
938 187 1221 258 περιτροπῇ
1248 187 1574 256 ἐκαρποῦντο,
1599 193 1680 240 καὶ
1706 191 1914 256 οὐδαμὰ

278 279 304 318 ί
322 268 494 322 ὡυτοί.
579 266 911 335 Καλασιρίων
962 265 1146 334 χίλιοι,
1196 267 1278 318 καὶ
1321 264 1671 335 Ἑρμοτυβίων
1723 266 1909 326 ἄλλοι,

320 347 666 417 ἐδορυφόρεον
693 345 918 398 ἐνιαυτὸν
944 343 1154 396 ἔκαστοι
1180 344 1269 396 τὸν
1297 342 1543 407 βασιλέα·
1587 341 1825 396 τοῦτ-οισι
1863 344 1911 397 δ’

322 424 392 479 ὃν
426 425 547 478 τάδε
586 423 750 494 πάρεξ
789 428 890 476 τῶν
928 421 1186 491 ἀρουρέων
1224 421 1361 473 ἄλλα
1401 420 1598 474 ἐδίδοτο
1637 420 1716 474 ἐπ’
1746 421 1913 492 ἡμέρῃ

322 505 533 570 ἑκάστῃ,
556 502 716 556 ὀπτοῦ
739 503 887 554 σίτου
908 499 1137 566 σταθμὸς
1161 499 1311 552 πέντε
1335 498 1479 566 μνέαι
1506 501 1724 571 ἑκάστῳ,
1749 507 1917 570 κρεῶν

279 635 285 640 ,
322 582 491 646 βοέων
510 577 601 634 δῦο
626 580 787 648 μνέαι,
810 576 949 632 οἴνου
975 577 1223 648 τέσσερες
1242 577 1543 648 ἀρυστῆρες.
1582 581 1742 630 ταῦτα
1767 581 1918 632 τοῖσι
1966 601 1967 638 ;

324 659 425 714 αἰεὶ
452 656 833 729 δορυφορέουσι
860 656 1078 710 ἐδίδοτο.

192 737 308 791 169
401 729 549 786 Ἐπεί
580 753 637 785 τε
672 730 728 782 δὲ
766 733 1044 794 συνιόντες,
1070 729 1101 784 ὅ
1134 753 1192 784 τι·
1224 731 1438 800 Ἀπρίης
1471 732 1612 804 ἄγων
1635 734 1757 790 τοὺς
1785 735 1910 790 ε’πι-

324 807 551 872 κούρους,
588 808 669 862 καὶ
704 811 733 861 ὁ
758 806 987 877 Ἀμασις
1025 811 1215 866 πάντας
1257 811 1374 866 τοὺς
1413 811 1738 878 Αἰγυπτίους,
1777 815 1908 868 ἆπί-

324 905 471 938 κοντο
498 884 550 940 ε’ς
585 885 878 954 Μώμεμφιν
911 887 1084 945 πόλιν,
1113 883 1422 949 συνέβαλον·
1465 886 1548 938 καὶ
1581 886 1923 954 ἐμαχέσαντο

324 963 415 1029 μὲν
450 961 506 1015 εὖ
542 964 591 1015 οἱ
636 962 812 1029 ξεῖνοι,
845 960 1034 1030 πλῆθεῖ
1072 962 1127 1015 δὲ
1166 965 1351 1036 πολλῷ
1392 963 1684 1019 ἐλάσσονες
1719 965 1916 1026 ἐόντες,

284 1057 309 1096 2
326 1041 451 1093 κατὰ
475 1045 627 1095 τοῦτο
663 1040 996 1108 ἑσσώθησαν.
1077 1038 1297 1110 Ἀπρίεω
1326 1040 1380 1094 δὲ
1415 1041 1622 1111 λέγεται
1656 1037 1786 1094 εἶναι
1821 1043 1920 1110 ἥδε

324 1116 353 1184 ἡ
383 1119 595 1179 διάνοια,
620 1117 735 1187 μηδ’
762 1119 824 1172 ἂν
852 1119 967 1172 θεόν
1001 1140 1088 1186 μιν
1111 1118 1299 1186 μηδένα
1325 1116 1572 1172 δύνασθαι
1595 1122 1796 1172 παῦσαι
1821 1123 1918 1188 τῆς

284 1191 618 1264 δβασιληΐης·
662 1193 795 1250 οὕτω
822 1197 1106 1266 ἀσφαλέως
1132 1198 1302 1269 ἑωυτῷ
1332 1196 1572 1266 ἱδρῦσθαι
1595 1197 1784 1250 ἐδόκεε.
1829 1200 1917 1252 καὶ

324 1275 387 1342 δὴ
424 1277 539 1328 τότε
574 1274 861 1342 συμβαλὼν
896 1274 1124 1342 ἑσσώθη·
1170 1275 1251 1328 καὶ
1290 1275 1581 1344 ζωγρηθεὶς,
1609 1273 1821 1344 ἀπήχθη
1863 1278 1922 1331 ἐς

326 1354 446 1406 Σάϊν
470 1356 641 1414 πόλιν,
672 1353 723 1408 ἐς
758 1354 821 1406 τὰ
854 1354 1044 1405 ἑωυτοῦ
1070 1352 1203 1405 οἰκία
1227 1355 1478 1422 πρότερον
1513 1353 1678 1413 ἐόντα,
1703 1357 1829 1406 τότε
1859 1356 1922 1408 δὲ

286 1445 311 1484 4
326 1430 573 1499 Ἀμάσιος
598 1432 691 1500 ἤδη
728 1429 1000 1498 βασιλήἳα.
1045 1429 1260 1484 ἐνθαῦτα
1295 1430 1350 1484 δὲ
1376 1431 1502 1485 τέως
1539 1431 1633 1498 μὲν
1659 1431 1916 1502 ἐτρέφετο

287 1523 311 1562 6
326 1509 381 1562 ἐν
399 1511 539 1563 τοῖσι
562 1503 911 1576 βασιληίοισι,
934 1508 1019 1562 καί
1042 1530 1129 1576 μιν
1142 1504 1372 1576 Ἀμασις
1391 1506 1448 1561 εὖ
1464 1512 1714 1578 περιεῖπε.
1749 1510 1914 1564 τέλος

326 1587 401 1649 δὲ,
428 1586 770 1657 μεμφομένων
804 1586 1094 1658 Αἰγυπτίων
1120 1586 1188 1640 ὣς
1213 1586 1274 1638 οὔ
1309 1589 1454 1639 ποιοῖ
1487 1586 1673 1648 δίκαια,
1701 1588 1911 1658 τρέφων

326 1670 414 1718 τὸν
455 1666 619 1735 σφίσι
658 1687 714 1718 τε
750 1667 831 1718 καὶ
868 1667 1038 1737 ἑωυτῷ
1072 1664 1334 1733 ἔχθιστον,
1373 1661 1506 1717 οὕτω
1541 1665 1602 1732 δὴ
1637 1667 1910 1736 παραδιδοῖ

286 1753 311 1792 6
326 1745 415 1795 τὸν
439 1741 653 1814 Ἀπρίην
679 1746 818 1796 τοῖσι
844 1742 1192 1814 Αἰγυπτίοισι.
1237 1744 1288 1795 οἱ
1315 1743 1373 1796 δέ
1395 1764 1483 1810 μιν
1508 1743 1814 1810 ἀπέπνιξαν,
1833 1747 1914 1798 καὶ

286 1828 309 1871 7
326 1821 497 1873 ἔπειτα
524 1821 725 1892 ἔθαψαν
752 1821 805 1874 ἐν
830 1825 951 1888 τῇσι
986 1819 1254 1894 πατρῴῃσι
1289 1822 1507 1890 ταφῇσι.
1551 1823 1602 1874 αἶ
1631 1821 1691 1874 δέ
1723 1823 1834 1875 εἶσι
1863 1825 1916 1875 ἐν

324 1898 397 1968 τῷ
432 1899 523 1970 ἱρῷ
557 1902 647 1967 τῆς
671 1898 961 1966 ”Αθηναίης,
1001 1899 1270 1969 ἀγχοτάτω
1305 1903 1397 1952 τοῦ
1431 1901 1677 1970 μεγάρου,
1714 1900 1920 1954 ἐσιόντι

283 1990 308 2030 8
326 1973 597 2046 ἀριστερῆς
620 1980 812 2048 χειρός.
856 1976 1060 2048 ἔθαψαν
1091 1976 1279 2031 Σαῗται
1303 1978 1497 2032 πάντας
1521 1977 1642 2032 τοὺς
1669 1979 1730 2031 ἐκ
1751 1984 1917 2047 νομοῦ

284 2067 309 2108 9
326 2050 509 2106 τούτου
533 2055 833 2125 γενομένους
856 2055 1112 2120 βασιλέας
1138 2057 1244 2108 ἔσω
1271 2055 1326 2108 ἐν
1350 2056 1423 2127 τῷ
1451 2057 1561 2128 ἱρῷ.
1603 2057 1688 2109 καὶ
1722 2058 1828 2128 γὰρ
1853 2059 1912 2110 τὸ

324 2135 416 2184 τοῦ
442 2133 688 2200 Ἀμάσιος
716 2135 857 2201 σῆμα
882 2134 1140 2204 ἑκαστέρω
1165 2133 1258 2202 μέν
1278 2133 1392 2186 ἐστι
1417 2137 1510 2185 τοῦ
1534 2135 1768 2204 μεγάρου
1793 2134 1824 2202 ἦ
1851 2137 1911 2188 τὸ

324 2213 415 2261 τοῦ
448 2207 668 2279 Ἀπρίεω
703 2212 786 2263 καὶ
819 2215 921 2264 τῶν
954 2209 1140 2264 τούτου
1177 2213 1534 2281 προπατόρων·
1579 2213 1698 2266 ἔστι
1736 2212 1908 2282 μέντοι

324 2286 405 2336 καὶ
431 2289 583 2338 τοῦτο
611 2287 665 2340 ἐν
690 2289 753 2354 τῇ
787 2289 919 2356 αὐλῇ
955 2293 1048 2342 τοῦ
1086 2291 1217 2359 ἱροῦ,
1245 2291 1450 2344 παστὰς
1481 2288 1654 2357 λιθίνη
1685 2293 1902 2362 μεγάλη,

323 2361 404 2411 καὶ
432 2358 685 2430 ἠσκημένη
716 2362 965 2419 στύλοισί
988 2389 1047 2420 τε
1082 2367 1317 2437 φοίνικας
1343 2368 1407 2420 τὰ
1441 2365 1652 2438 δένδρεα
1685 2390 1901 2436 μεμιμη-

258 2440 307 2478 ¹⁰
321 2435 538 2497 μένωσι»
582 2441 663 2491 καὶ
702 2443 766 2508 τῇ
804 2443 940 2510 ἄλλῃ
983 2445 1200 2512 δαπάνῃ.
1249 2446 1357 2512 ἔσω
1399 2445 1455 2498 δέ
1481 2444 1537 2499 ἐν
1575 2447 1640 2512 τῇ
1679 2447 1905 2500 παστάδι

322 2503 435 2568 διξὰ
478 2511 745 2582 θυρώματα
786 2518 989 2586 ἕστηκε·
1033 2520 1091 2576 έν
1130 2523 1186 2576 δὲ
1223 2525 1363 2576 τοῖσι
1403 2523 1670 2594 θυρώμασι
1709 2523 1742 2590 ἦ
1781 2523 1906 2592 θήκη
