1975 2892
250 72 363 128 154
834 81 1241 125 ΗΡΟΔΟΤΟΥ

243 198 308 262 τῇ
352 189 502 265 μητρὶ
540 193 817 264 συμμίξαι·
871 193 953 245 καὶ
993 192 1113 247 τοὺς
1151 195 1454 262 προπόλους
1493 195 1586 260 τῆς
1625 196 1847 264 μητρὸς,

244 270 326 325 οἶα
353 273 443 325 οὔκ
470 270 740 326 ἆπωπότας
764 271 919 323 αὐτὸν
938 273 1210 340 πρότερον,
1235 272 1296 323 οὗ
1321 275 1566 341 περιορᾶν
1585 273 1847 340 παριέναι,

244 349 363 404 ἀλλ’
408 347 693 419 ἀπερύκειν·
750 351 842 402 τὸν
882 348 925 401 δ’
970 348 1031 414 ἐξ
1071 349 1238 414 ἄλλης
1289 352 1474 403 πόλιος
1520 349 1852 418 ἀγαγόμενον

244 427 555 497 ἀνθρώπους,
585 425 705 481 τούς
739 448 796 479 τε
829 429 1131 496 προπόλους
1165 427 1395 496 τρηχέως
1433 429 1731 495 περισπεῖν,
1763 429 1850 479 καὶ

203 525 228 565 2
246 505 482 559 ἐσελθεῖν
507 505 645 575 παρὰ
670 504 761 571 τὴν
786 505 994 574 μητέρα.
1038 505 1139 558 ἀπὸ
1167 503 1353 557 τούτου
1379 505 1453 578 τῷ
1473 503 1629 576 Ἀρεῖ
1653 503 1852 572 ταύτην

245 584 338 652 τὴν
362 582 566 652 πληγὴν
592 581 648 634 ἐν
672 583 736 649 τῇ
761 585 886 651 ὁρτῇ
916 582 1225 649 νενομικέναι
1251 583 1413 652 φασί.

205 678 229 718 a
325 663 423 714 Καὶ
448 663 507 713 τὸ
533 659 601 728 μὴ
628 658 913 729 μίσγεσθαι
932 661 1135 730 γυναιξὶ
1163 660 1218 713 ἐν
1240 663 1416 731 ἱροῖσι,
1439 660 1568 729 μηδὲ
1587 659 1850 716 ἀλούτους

246 740 348 792 ἀπὸ
374 741 621 808 γυναικῶν
646 736 699 790 ἐς
726 737 811 805 ἱρὰ
848 737 1061 798 ἐσιέναι,
1091 738 1237 791 οὗτοί
1271 738 1376 792 εἶσι
1413 740 1463 791 οἶ
1489 743 1686 809 πρῶτοι
1717 738 1846 809 θρη-

207 832 232 871 4
250 814 575 870 σκεύσαντες.
619 815 669 865 οἱ
694 814 788 881 μὲν
812 816 914 885 γὰρ
942 816 1100 869 ἄλλοι
1128 818 1322 886 σχεδὸν
1347 817 1534 871 πάντες
1559 816 1846 887 ἅνθρωποι,

246 893 383 960 πλὴν
408 891 699 962 Αἰγυπτίων
726 892 809 944 καὶ
834 893 1121 963 Ἔλλῆνων,
1151 895 1427 964 μίσγονται
1455 895 1509 947 ἐν
1531 896 1712 964 ἱροῖσι·
1762 897 1848 949 καὶ

247 972 347 1024 ἀπὸ
381 974 629 1041 γυναικῶν
654 969 1003 1039 ἀνιστάμενοι,
1034 973 1249 1025 ἄλουτοι
1285 972 1588 1042 ἐσέρχονται
1618 973 1672 1028 ἐς
1710 974 1846 1044 ἱρόν·

249 1049 534 1117 νομίζοντες
575 1047 874 1117 ἀνθρώπους
916 1045 1043 1103 εἶναι
1087 1052 1310 1122 κατάπερ
1353 1052 1418 1103 τὰ
1456 1050 1596 1103 ἄλλα
1637 1049 1843 1119 κτήνεα.

209 1146 234 1186 5
251 1129 330 1181 καὶ
355 1127 456 1198 γὰρ
482 1127 546 1178 τὰ
572 1125 711 1178 ἄλλα
746 1125 925 1194 κτήνεα
962 1131 1088 1199 ὁρᾶν
1115 1129 1197 1182 καὶ
1236 1128 1452 1199 ὀρνίθων
1475 1128 1626 1199 γένεα
1657 1129 1846 1198 ὀχευό-

249 1227 374 1274 μενα
399 1206 453 1257 ἔν
478 1226 534 1256 τε
559 1206 697 1257 τοῖσι
726 1208 895 1270 νηοῖσι
931 1212 1033 1259 τῶν
1060 1207 1189 1260 θεῶν
1216 1209 1297 1259 καὶ
1335 1207 1389 1259 ἐν
1413 1210 1555 1260 τοῖσι
1579 1208 1843 1275 τεμένεσι.

214 1301 238 1340 6
253 1284 297 1337 εἶ
343 1283 413 1337 ὧν
452 1279 577 1336 εἶναι
619 1285 689 1355 τῷ
725 1282 824 1356 θεῷ
856 1287 1010 1336 τοῦτο
1052 1285 1122 1352 μὴ
1162 1285 1344 1354 φίλον,
1383 1285 1476 1337 οὐκ
1515 1284 1578 1337 ἂν
1615 1285 1740 1338 οὐδὲ
1781 1289 1848 1339 τὰ

254 1361 431 1430 κτήνεα
455 1360 663 1416 ποιέειν.
707 1359 849 1413 οὗτοι
875 1361 968 1428 μέν
994 1383 1082 1416 νυν
1107 1367 1318 1416 τοιαῦτα
1350 1362 1694 1433 ἐπιλέγοντες,
1723 1385 1844 1417 ποι-

217 1446 371 1497 Ὶεῦσι
414 1441 528 1509 ἐμοί
562 1461 624 1511 γε
664 1439 754 1492 οὐκ
794 1439 1008 1510 ἀρεστά.
1093 1439 1362 1512 Αἰγύπτιοι
1403 1442 1460 1494 δὲ
1492 1439 1847 1511 θρησκεύουσι

256 1525 519 1589 περισσῶς
544 1520 608 1572 τά
632 1541 690 1571 τε
715 1517 851 1570 ἅλλα
877 1519 996 1587 περὶ
1023 1519 1087 1571 τὰ
1114 1521 1215 1586 ἱρὰ,
1247 1519 1328 1572 καὶ
1355 1519 1415 1586 δὴ
1445 1520 1525 1571 καὶ
1551 1521 1696 1573 τάδε.

166 1598 239 1651 65
336 1596 532 1651 Ἐοῦσα
557 1596 587 1664 ἡ
616 1593 870 1665 Αἴγυπτος
906 1594 1124 1665 ὅμουρος
1157 1598 1221 1663 τῇ
1257 1595 1439 1663 Λιβύῃ,
1469 1596 1530 1648 οὗ
1565 1598 1710 1664 μάλα
1751 1595 1842 1662 θη-

220 1689 245 1729 2
259 1677 444 1744 ριῶδης
480 1674 607 1728 ἐστί.
650 1673 714 1725 τὰ
750 1674 806 1726 δὲ
846 1673 990 1726 ἐόντα
1033 1675 1136 1743 σφι
1173 1675 1368 1727 ἅπαντα
1406 1675 1490 1741 ἱρὰ
1525 1675 1840 1737 νενόμισται·

260 1753 342 1804 καὶ
368 1753 433 1804 τὰ
457 1751 566 1820 μὲν,
598 1748 868 1819 σύντροφα
894 1749 1098 1801 αὐτοῖσι
1119 1751 1260 1802 τοῖσι
1287 1749 1626 1818 ἀνθρώποισι·
1674 1750 1740 1802 τὰ
1765 1748 1840 1811 δὲ,

221 1831 339 1882 Βοῦ.
382 1835 485 1881 τῶν
509 1829 565 1881 δὲ
593 1825 776 1881 εἵνεκεν
801 1827 992 1880 ἀνεῖται
1027 1827 1090 1879 τὰ
1119 1827 1202 1896 ίρὰ
1228 1825 1273 1878 εἷ
1308 1827 1531 1897 λέγοιμι,
1563 1827 1840 1894 καταβαίην

260 1907 322 1960 ἂν
360 1907 432 1978 τῷ
469 1907 612 1977 λόγῳ
649 1907 701 1961 ἐς
738 1906 801 1958 τὰ
838 1905 948 1958 θεῖα
984 1903 1276 1974 πρήγματα,
1303 1905 1369 1957 τὰ
1409 1905 1510 1974 ἐγὼ
1537 1902 1722 1975 φεύγω
1747 1907 1842 1973 μά-

259 1988 420 2038 λιστα
446 1983 777 2053 ἀπηγέεσθαι.
821 1985 885 2036 τὰ
912 1984 967 2036 δὲ
1006 1985 1087 2035 καὶ
1114 1979 1287 2052 εἴρηκα
1317 1983 1484 2034 αὐτῶν
1523 1981 1840 2052 ἐπιψαύσας,

221 2077 247 2118 4
262 2062 503 2136 ἀναγκαίῃ
531 2065 1041 2130 καταλαμβανόμενος
1068 2056 1229 2113 εἶπον.
1299 2062 1475 2127 Νόμος
1501 2060 1560 2112 δέ
1586 2061 1704 2113 ἐστι
1729 2063 1844 2131 περὶ

262 2149 363 2195 τῶν
389 2141 575 2212 θηρίων
601 2140 698 2193 ὧδε
724 2141 875 2208 ἔχων.
918 2139 1198 2209 μελεδωνοὶ
1215 2137 1587 2206 ἀποδεδέχαται
1613 2141 1708 2206 τῆς
1726 2161 1840 2210 τρο·-

263 2223 369 2289 φῆς
393 2220 552 2288 χωρὶς
580 2219 824 2276 ἑκάστων,
856 2218 936 2269 καὶ
971 2218 1179 2287 ἔρσενες
1219 2218 1300 2269 καὶ
1337 2214 1518 2283 θήλεαι
1557 2221 1662 2268 τῶν
1687 2217 1838 2288 Αἰγυ-

226 2311 250 2349 5
264 2296 440 2355 πτίων,
470 2299 570 2346 τῶν
606 2296 726 2349 παῖς
763 2295 901 2363 παρὰ
932 2296 1125 2363 πατρὸς
1165 2295 1418 2347 ἐκδέκεται
1456 2294 1548 2362 τὴν
1584 2293 1756 2362 τιμῆν.
1796 2296 1842 2348 οἶ

264 2371 321 2420 δὲ
349 2371 404 2420 ἐν
437 2375 559 2436 τῇσι
596 2374 781 2423 πόλισι
822 2370 1031 2423 ἕκαστοι
1067 2372 1222 2440 εὐχὰς
1247 2372 1410 2424 τάσδε
1449 2373 1555 2440 σφι
1596 2371 1840 2425 ἀποτελέ·

266 2455 405 2492 ουσι·
449 2446 711 2512 εὐχόμενοι
745 2453 818 2518 τῷ
844 2447 944 2520 θεῷ
968 2451 1062 2500 τοῦ
1093 2449 1157 2500 ἂν
1181 2445 1216 2516 ᾖ
1253 2451 1314 2501 τὸ
1349 2449 1542 2519 θηρίον,
1574 2449 1840 2520 ξυροῦντες

266 2519 369 2566 τῶν
403 2520 616 2572 παιδίων
650 2521 681 2588 ἦ
716 2526 892 2576 πᾶσαν
928 2524 1022 2590 τὴν
1058 2526 1308 2595 κεφαλὴν,
1338 2525 1368 2594 ἢ
1409 2529 1470 2580 τὸ
1507 2527 1686 2596 ἥμισυ,
1722 2527 1750 2596 ἦ
1784 2529 1840 2580 τὸ
