1975 2892
101 167 177 206 Ol·
198 167 255 207 es.
277 161 336 214 a]
412 105 1112 156 MEAHOMENH.-—1v.
1149 121 1378 170 ¹45·¹49·
1580 101 1694 160 373

107 217 286 289 Θήρας
324 219 415 286 τὴν
455 219 510 272 ἐν
549 221 752 291 Σπάρτῃ
792 217 1093 288 βασιληίην.
1144 223 1462 290 αὐξηθέντων
1502 225 1557 277 δὲ
1598 231 1735 284 τῶνε

103 298 447 367 ἀδελφιδέων,
487 299 568 352 καὶ
605 301 1013 368 παραλαβόντων
1052 301 1143 367 τὴν
1182 301 1361 370 ἀρχὴν,
1392 299 1523 355 οὕτω
1564 304 1625 371 δὴ
1668 308 1695 356 ὁ

107 375 284 444 Θήρας
323 377 486 429 δεινὸν
522 375 820 444 ποιεύμενος
859 378 1113 446 ἄρχεσθαι
1153 378 1238 432 ὑπ’
1278 382 1471 442 ἄλλων,
1503 382 1615 434 ἐπεί
1639 403 1696 434 τε

107 453 362 525 ἐγεύσατο
388 455 567 524 ἀρχῆς,
592 456 683 508 οὐκ
710 457 811 524 ἔφη
839 457 1006 524 μένειν
1033 457 1087 509 ἐν
1113 461 1176 524 τῇ
1202 459 1548 527 Λακεδαίμονι,
1573 458 1694 512 ἀλλ’

103 531 536 586 ἀποπλεύσεσθαι
577 533 628 588 ἐς
669 534 788 588 τοὺς
829 535 1125 604 συγγενέας.
1168 533 1303 602 ἦσαν
1342 537 1397 590 δέ
1436 537 1489 590 ἐν
1520 538 1581 605 τῇ
1608 540 1735 593 nvn

107 609 250 682 Θήρῃ
281 613 557 679 καλεομένῃ
596 610 754 684 νήσῳ,
783 615 1033 682 πρότερον
1069 613 1124 666 δὲ
1164 614 1436 683 Καλλίστῃ
1472 617 1533 682 τῇ
1568 616 1693 682 αὐτῇ

103 689 282 757 ταύτῃ,
307 691 550 760 ἀπόγονοι
579 692 925 760 Μεμβλιάρεω
951 695 1044 744 τοῦ
1073 692 1347 753 Ποικίλεω,
1369 693 1549 764 ἀνδρὸς
1570 694 1689 745 Φοί-

103 789 262 824 νικος.
347 771 551 836 Κάδμος
589 770 690 838 γὰρ
730 772 759 820 ὁ
798 767 1093 839 Ἀγήνορος,
1124 771 1372 840 Εὐρώπην
1412 770 1730 839 διζήμενος,5

100 847 376 916 προσέσχε
404 847 456 902 ἐς
490 847 582 915 τὴν
621 851 708 898 νῦν
743 845 914 916 Θήρην
949 849 1275 915 καλεομένην·
1318 853 1605 919 προσχόντι
1634 850 1689 902 δὲ

99 923 206 977 εἴτε
234 924 294 993 δή
323 927 371 978 οἶ
397 923 427 992 ἦ
453 928 596 995 χώρη
632 927 806 995 ἤρεσε,
837 922 937 978 εἴτε
973 929 1055 978 καὶ
1082 927 1255 981 ἄλλως
1282 923 1512 994 ἦθέλησε
1537 931 1687 994 ποιῆ-

99 1025 194 1056 σαι
221 1009 393 1063 τοῦτο,
422 1003 715 1056 καταλείπει
745 1005 846 1074 γὰρ
882 1003 936 1055 ἐν
963 1005 1023 1072 τῇ
1064 1002 1204 1076 νήσῳ
1230 1003 1384 1072 ταύτῃ
1412 1006 1607 1060 ἄλλους
1633 1028 1689 1059 τε

97 1089 204 1135 τῶν
243 1083 504 1144 Φοινίκων,
536 1085 617 1136 καὶ
650 1082 710 1150 δὴ
739 1083 820 1134 καὶ
851 1087 952 1134 τῶν
988 1084 1177 1135 ἑωυτοῦ
1216 1086 1504 1154 συγγενέων
1540 1093 1683 1150 Μεμ-

94 1161 341 1230 βλίαρον·
385 1160 526 1214 οὗτοι
553 1162 788 1229 ἐνέμοντο
816 1160 908 1228 τὴν
936 1161 1241 1227 Καλλίστην
1266 1163 1575 1230 καλεομένην
1602 1163 1685 1217 ἐπὶ

93 1241 293 1309 γενεὰς,
316 1239 436 1310 πρὶν
462 1239 492 1307 ἢ
521 1239 694 1310 Θήραν
721 1239 896 1292 ἐλθεῖν
929 1239 983 1291 ἐκ
1020 1240 1406 1306 Λακεδαίμονος,
1424 1241 1555 1292 ὀκτὼ
1596 1240 1682 1292 άν-

95 1319 250 1386 δρῶν.
491 1318 608 1372 Ἐπὶ
646 1316 858 1372 τούτους
894 1318 954 1385 δὴ
998 1317 1067 1370 ὧν
1102 1321 1131 1370 ὁ
1168 1316 1355 1388 Θήρας,
1385 1319 1513 1370 λαὸν
1552 1319 1685 1386 ἔχων
1710 1321 1821 1374 148

93 1397 200 1449 ἀπὸ
243 1402 345 1449 τῶν
391 1397 617 1465 φυλέων,
653 1397 892 1456 ἔστελλε,
939 1394 1262 1462 συνοικήσων
1308 1393 1557 1453 τούτοισι,
1603 1397 1685 1448 καὶ

93 1474 330 1542 οὐδαμῶς
391 1475 583 1540 ἐξελῶν
641 1474 840 1534 αὐτοὺς,
903 1474 1045 1526 ἀλλὰ
1103 1475 1262 1542 κάρτα
1322 1471 1677 1539 οἶκηῖεύμενος.

93 1549 249 1606 Ἐπεί
275 1575 331 1606 τε
358 1555 413 1606 δὲ
441 1553 522 1604 καὶ
551 1553 599 1604 οἱ
617 1549 802 1604 Μινύαι
831 1553 1094 1621 ἐκδράντες
1121 1552 1175 1602 ἐκ
1202 1553 1291 1618 τῆς
1312 1553 1489 1620 ἑρκτῆς
1515 1547 1681 1616 ἵζοντο
1704 1567 1729 1606 2

93 1631 148 1684 ἐς
175 1633 235 1683 τὸ
263 1629 534 1702 Τηΰγετον,
557 1637 658 1683 τῶν
684 1629 1088 1695 Λακεδαιμονίων
1106 1629 1495 1696 βουλευομένων
1513 1630 1682 1698 σφέας

92 1708 402 1770 ἀπολλύναι,
432 1709 753 1778 παραιτέεται
780 1711 808 1760 ὁ
839 1706 1008 1778 Θήρας
1035 1707 1163 1761 ὅκως
1188 1707 1314 1774 μήτε
1342 1709 1504 1774 φόνος
1527 1708 1673 1778 γένη-

91 1809 194 1848 ται,
233 1789 385 1842 αὐτός
419 1810 476 1840 τε
514 1786 784 1840 ὖπεδέκετό
827 1788 997 1854 σφεας
1038 1785 1235 1852 ἐξάξειν
1274 1785 1330 1838 ἐκ
1369 1786 1459 1851 τῆς
1491 1787 1679 1855 χώρης.

94 1869 549 1936 συγχωρησάντων
585 1866 640 1918 δὲ
667 1869 727 1932 τῇ
754 1866 926 1934 γνώμῃ
959 1869 1061 1916 τῶν
1087 1863 1507 1931 Λακεδαιμονίων,
1538 1865 1680 1934 τρισὶ
1704 1878 1729 1918 8

92 1943 498 2015 τριηκοντέροισι
527 1945 578 1999 ἐς
609 1943 726 1998 τοὺς
754 1943 1100 2013 Μεμβλιάρεω
1137 1943 1420 2012 ἀπογόνους
1448 1943 1675 1995 ἔπλωσε·

92 2025 207 2074 οὔτι
242 2024 432 2078 πάντας
471 2023 609 2093 ἄγων
647 2021 766 2076 τοὺς
793 2019 1003 2080 Μινύας,
1034 2019 1152 2073 ἀλλ’
1190 2021 1402 2091 ὀλίγους
1432 2021 1585 2074 τινάς.
1630 2022 1679 2074 οἱ
1703 2033 1729 2072 4

89 2101 194 2172 γὰρ
221 2103 436 2156 πλεῦνες
463 2101 626 2154 αὐτῶν
666 2100 945 2168 ἐτράποντο
980 2099 1032 2153 ἐς
1070 2099 1189 2152 τοὺς
1225 2101 1563 2168 Παρωρεάτας
1598 2100 1679 2152 καὶ

94 2177 384 2234 Καύκωνας·
430 2177 640 2243 τούτους
666 2177 709 2230 δ’
733 2177 1071 2242 ἐξελάσαντες
1098 2178 1153 2228 ἐκ
1180 2178 1269 2242 τῆς
1294 2178 1483 2246 χώρης,
1508 2175 1673 2244 σφέας

93 2257 278 2313 αὐτοὺς
321 2255 378 2324 ἓξ
423 2257 604 2326 μοίρας
645 2257 852 2309 διεῖλον·
903 2254 984 2306 καὶ
1028 2255 1200 2307 ἔπειτα
1242 2255 1449 2307 ἔκτισαν
1492 2256 1680 2309 πόλιας

94 2337 256 2389 τάσδε
283 2337 337 2388 ἐν
363 2336 584 2394 αὐτοῖσι,
614 2333 858 2401 Λέπρεον,
890 2333 1175 2392 Μάκιστον,
1210 2331 1417 2402 Φρίξας,
1448 2328 1675 2402 Πύργον,

84 2412 290 2474 Ἐπιον,
345 2411 585 2466 Νούδιον·
653 2410 872 2463 τουτέων
926 2411 982 2462 δὲ
1029 2410 1119 2464 τὰς
1163 2413 1384 2465 πλεῦνας
1430 2407 1511 2463 ἐπ’
1560 2410 1677 2477 ἐμέο

93 2491 298 2546 Ἠλεῖοι
325 2491 636 2562 ἐπόρθησαν.
690 2492 762 2556 Τῇ
791 2488 846 2540 δὲ
869 2486 1016 2561 νήσῳ
1045 2489 1128 2540 ἐπὶ
1154 2491 1245 2541 τοῦ
1272 2487 1509 2540 οἶκιστέω
1536 2485 1678 2558 Θήρα

95 2571 126 2639 ἦ
155 2570 406 2639 ἐπωνυμίη
443 2568 662 2640 ἐγένετο.
899 2568 958 2620 ‘0
996 2567 1051 2620 δὲ
1090 2567 1227 2628 παῖς,
1257 2565 1318 2618 οὗ
1356 2566 1457 2636 γὰρ
1488 2566 1589 2642 ἔφη
1627 2567 1676 2619 οἶ
1704 2565 1817 2620 149
