<?xml version="1.0" encoding="UTF-8"?>
<!DOCTYPE html PUBLIC "-//W3C//DTD XHTML 1.0 Transitional//EN"
    "http://www.w3.org/TR/xhtml1/DTD/xhtml1-transitional.dtd">
<html xmlns="http://www.w3.org/1999/xhtml" xml:lang="en" lang="en">
 <head>
  <title>
</title>
<meta http-equiv="Content-Type" content="text/html;charset=utf-8" />
  <meta name='ocr-system' content='tesseract 3.04.00' />
  <meta name='ocr-capabilities' content='ocr_page ocr_carea ocr_par ocr_line ocrx_word'/>
</head>
<body>
  <div class='ocr_page' id='page_1' title='image "./herodotihistori00westgoog_0080.png"; bbox 0 0 1975 2892; ppageno 0'>
   <div class='ocr_carea' id='block_1_1' title="bbox 307 67 1897 158">
    <p class='ocr_par' dir='ltr' id='par_1_1' title="bbox 307 67 1897 158">
     <span class='ocr_line' id='line_1_1' title="bbox 307 67 1897 158; baseline -0.004 -36"><span class='ocrx_word' id='word_1_1' title='bbox 307 67 384 122; x_wconf 83' lang='lat'>38</span> <span class='ocrx_word' id='word_1_2' title='bbox 895 73 1304 118; x_wconf 81' lang='grc' dir='ltr'>ΗΡοΔοΤοΥ</span> <span class='ocrx_word' id='word_1_3' title='bbox 1522 111 1897 158; x_wconf 26' lang='lat' dir='ltr'>[Rc-5604&amp;-</span> 
     </span>
    </p>
   </div>
   <div class='ocr_carea' id='block_1_2' title="bbox 219 179 1960 2583">
    <p class='ocr_par' dir='ltr' id='par_1_2' title="bbox 267 179 1960 1031">
     <span class='ocr_line' id='line_1_2' title="bbox 307 179 1901 256; baseline -0.004 -18"><span class='ocrx_word' id='word_1_4' title='bbox 307 185 579 256; x_wconf 81' lang='grc' dir='ltr'>φορέουσι·</span> <span class='ocrx_word' id='word_1_5' title='bbox 641 183 894 236; x_wconf 88' lang='grc' dir='ltr'>σιτέονται</span> <span class='ocrx_word' id='word_1_6' title='bbox 941 182 997 234; x_wconf 80' lang='grc' dir='ltr'>δὲ</span> <span class='ocrx_word' id='word_1_7' title='bbox 1040 181 1130 233; x_wconf 75' lang='grc' dir='ltr'>οὐκ</span> <span class='ocrx_word' id='word_1_8' title='bbox 1172 181 1274 234; x_wconf 86' lang='grc' dir='ltr'>ὅσα</span> <span class='ocrx_word' id='word_1_9' title='bbox 1320 180 1578 242; x_wconf 73' lang='grc' dir='ltr'>ἐθέλουσι,</span> <span class='ocrx_word' id='word_1_10' title='bbox 1624 179 1746 232; x_wconf 83' lang='grc' dir='ltr'>ἀλλ’</span> <span class='ocrx_word' id='word_1_11' title='bbox 1794 180 1901 232; x_wconf 86' lang='grc' dir='ltr'>ὅσα</span> 
     </span>
     <span class='ocr_line' id='line_1_3' title="bbox 307 256 1899 331; baseline -0.004 -15"><span class='ocrx_word' id='word_1_12' title='bbox 307 264 509 331; x_wconf 80' lang='grc' dir='ltr'>ἔχουσι,</span> <span class='ocrx_word' id='word_1_13' title='bbox 555 262 730 330; x_wconf 81' lang='grc' dir='ltr'>χώρην</span> <span class='ocrx_word' id='word_1_14' title='bbox 771 261 974 329; x_wconf 79' lang='grc' dir='ltr'>ἔχοντες</span> <span class='ocrx_word' id='word_1_15' title='bbox 1020 261 1273 329; x_wconf 82' lang='grc' dir='ltr'>τρηχείην·</span> <span class='ocrx_word' id='word_1_16' title='bbox 1342 260 1472 328; x_wconf 89' lang='grc' dir='ltr'>πρὸς</span> <span class='ocrx_word' id='word_1_17' title='bbox 1512 259 1585 318; x_wconf 78' lang='grc' dir='ltr'>δὲ,</span> <span class='ocrx_word' id='word_1_18' title='bbox 1630 258 1725 310; x_wconf 77' lang='grc' dir='ltr'>οὐκ</span> <span class='ocrx_word' id='word_1_19' title='bbox 1772 256 1899 330; x_wconf 75' lang='grc' dir='ltr'>οἴνῳ</span> 
     </span>
     <span class='ocr_line' id='line_1_4' title="bbox 309 337 1900 409; baseline -0.004 -16"><span class='ocrx_word' id='word_1_20' title='bbox 309 340 644 409; x_wconf 79' lang='grc' dir='ltr'>διαχρέονται,</span> <span class='ocrx_word' id='word_1_21' title='bbox 690 338 830 390; x_wconf 78' lang='grc' dir='ltr'>ἀλλὰ</span> <span class='ocrx_word' id='word_1_22' title='bbox 874 337 1266 407; x_wconf 80' lang='grc' dir='ltr'>ὑδροποτέουσι·</span> <span class='ocrx_word' id='word_1_23' title='bbox 1326 337 1387 389; x_wconf 83' lang='grc' dir='ltr'>οὐ</span> <span class='ocrx_word' id='word_1_24' title='bbox 1432 340 1565 388; x_wconf 84' lang='grc' dir='ltr'>σῦκα</span> <span class='ocrx_word' id='word_1_25' title='bbox 1606 337 1663 388; x_wconf 76' lang='grc' dir='ltr'>δὲ</span> <span class='ocrx_word' id='word_1_26' title='bbox 1707 337 1900 404; x_wconf 80' lang='grc' dir='ltr'>ἔχουσι</span> 
     </span>
     <span class='ocr_line' id='line_1_5' title="bbox 267 413 1896 488; baseline -0.004 -16"><span class='ocrx_word' id='word_1_27' title='bbox 267 420 538 488; x_wconf 73' lang='grc' dir='ltr'>4τρώγειν,</span> <span class='ocrx_word' id='word_1_28' title='bbox 567 417 658 468; x_wconf 82' lang='grc' dir='ltr'>οὐκ</span> <span class='ocrx_word' id='word_1_29' title='bbox 683 415 818 468; x_wconf 72' lang='grc' dir='ltr'>ἄλλο</span> <span class='ocrx_word' id='word_1_30' title='bbox 846 414 1037 485; x_wconf 78' lang='grc' dir='ltr'>ἀγαθὸν</span> <span class='ocrx_word' id='word_1_31' title='bbox 1063 414 1228 468; x_wconf 76' lang='grc' dir='ltr'>οὐδέν.</span> <span class='ocrx_word' id='word_1_32' title='bbox 1273 418 1423 467; x_wconf 85' lang='grc' dir='ltr'>τοῦτο</span> <span class='ocrx_word' id='word_1_33' title='bbox 1449 415 1543 482; x_wconf 78' lang='grc' dir='ltr'>μὲν</span> <span class='ocrx_word' id='word_1_34' title='bbox 1569 413 1647 482; x_wconf 85' lang='grc' dir='ltr'>δὴ,</span> <span class='ocrx_word' id='word_1_35' title='bbox 1678 413 1725 466; x_wconf 78' lang='grc' dir='ltr'>εἶ</span> <span class='ocrx_word' id='word_1_36' title='bbox 1754 413 1896 482; x_wconf 72' lang='grc' dir='ltr'>νική-</span> 
     </span>
     <span class='ocr_line' id='line_1_6' title="bbox 311 491 1897 564; baseline -0.002 -16"><span class='ocrx_word' id='word_1_37' title='bbox 311 517 438 561; x_wconf 87' lang='grc' dir='ltr'>σεις,</span> <span class='ocrx_word' id='word_1_38' title='bbox 475 494 526 548; x_wconf 89' lang='grc' dir='ltr'>τί</span> <span class='ocrx_word' id='word_1_39' title='bbox 569 495 737 564; x_wconf 84' lang='grc' dir='ltr'>σφεας</span> <span class='ocrx_word' id='word_1_40' title='bbox 782 491 1106 564; x_wconf 76' lang='grc' dir='ltr'>ἀπαιρήσεαι,</span> <span class='ocrx_word' id='word_1_41' title='bbox 1150 493 1294 546; x_wconf 81' lang='grc' dir='ltr'>τοῖσί</span> <span class='ocrx_word' id='word_1_42' title='bbox 1333 515 1394 563; x_wconf 88' lang='grc' dir='ltr'>γε</span> <span class='ocrx_word' id='word_1_43' title='bbox 1433 491 1503 560; x_wconf 80' lang='grc' dir='ltr'>μή</span> <span class='ocrx_word' id='word_1_44' title='bbox 1545 492 1659 544; x_wconf 84' lang='grc' dir='ltr'>ἐστι</span> <span class='ocrx_word' id='word_1_45' title='bbox 1698 493 1897 559; x_wconf 80' lang='grc' dir='ltr'>μηδὲν;</span> 
     </span>
     <span class='ocr_line' id='line_1_7' title="bbox 309 569 1897 670; baseline -0.002 -45"><span class='ocrx_word' id='word_1_46' title='bbox 309 577 462 627; x_wconf 86' lang='grc' dir='ltr'>τοῦτο</span> <span class='ocrx_word' id='word_1_47' title='bbox 489 571 618 634; x_wconf 80' lang='grc' dir='ltr'>δὲ,</span> <span class='ocrx_word' id='word_1_48' title='bbox 591 595 651 670; x_wconf 80' lang='grc' dir='ltr'>ην</span> <span class='ocrx_word' id='word_1_49' title='bbox 679 569 892 639; x_wconf 78' lang='grc' dir='ltr'>νικηθῇς,</span> <span class='ocrx_word' id='word_1_50' title='bbox 921 569 1108 638; x_wconf 74' lang='grc' dir='ltr'>μάθε”</span> <span class='ocrx_word' id='word_1_51' title='bbox 1078 592 1179 623; x_wconf 89' lang='grc' dir='ltr'>οσα</span> <span class='ocrx_word' id='word_1_52' title='bbox 1206 569 1372 642; x_wconf 79' lang='grc' dir='ltr'>ἀγαθὰ</span> <span class='ocrx_word' id='word_1_53' title='bbox 1398 569 1725 634; x_wconf 72' lang='grc' dir='ltr'>ἀποβαλέεις.</span> <span class='ocrx_word' id='word_1_54' title='bbox 1770 592 1897 641; x_wconf 87' lang='grc' dir='ltr'>γευ-</span> 
     </span>
     <span class='ocr_line' id='line_1_8' title="bbox 313 647 1899 721; baseline -0.002 -17"><span class='ocrx_word' id='word_1_55' title='bbox 313 652 524 719; x_wconf 86' lang='grc' dir='ltr'>σάμενοι</span> <span class='ocrx_word' id='word_1_56' title='bbox 561 652 662 721; x_wconf 86' lang='grc' dir='ltr'>γὰρ</span> <span class='ocrx_word' id='word_1_57' title='bbox 701 655 802 702; x_wconf 81' lang='grc' dir='ltr'>τῶν</span> <span class='ocrx_word' id='word_1_58' title='bbox 840 647 1095 719; x_wconf 81' lang='grc' dir='ltr'>ἡμετέρων</span> <span class='ocrx_word' id='word_1_59' title='bbox 1134 648 1355 719; x_wconf 77' lang='grc' dir='ltr'>ἀγαθῶν,</span> <span class='ocrx_word' id='word_1_60' title='bbox 1398 647 1735 718; x_wconf 81' lang='grc' dir='ltr'>περιέξονται,</span> <span class='ocrx_word' id='word_1_61' title='bbox 1773 649 1899 701; x_wconf 78' lang='grc' dir='ltr'>οὐδὲ</span> 
     </span>
     <span class='ocr_line' id='line_1_9' title="bbox 270 725 1899 796; baseline -0.002 -12"><span class='ocrx_word' id='word_1_62' title='bbox 270 729 545 784; x_wconf 71' lang='grc' dir='ltr'>δαπωστοὶ</span> <span class='ocrx_word' id='word_1_63' title='bbox 590 729 813 780; x_wconf 79' lang='grc' dir='ltr'>ἔσονται.</span> <span class='ocrx_word' id='word_1_64' title='bbox 874 726 974 796; x_wconf 80' lang='grc' dir='ltr'>ἐγὼ</span> <span class='ocrx_word' id='word_1_65' title='bbox 1014 725 1106 794; x_wconf 84' lang='grc' dir='ltr'>μέν</span> <span class='ocrx_word' id='word_1_66' title='bbox 1147 747 1235 780; x_wconf 90' lang='grc' dir='ltr'>νυν</span> <span class='ocrx_word' id='word_1_67' title='bbox 1275 725 1441 780; x_wconf 88' lang='grc' dir='ltr'>θεοισι</span> <span class='ocrx_word' id='word_1_68' title='bbox 1488 727 1591 795; x_wconf 80' lang='grc' dir='ltr'>ἔχω</span> <span class='ocrx_word' id='word_1_69' title='bbox 1626 727 1799 796; x_wconf 85' lang='grc' dir='ltr'>χάριν,</span> <span class='ocrx_word' id='word_1_70' title='bbox 1846 748 1899 780; x_wconf 91' lang='grc' dir='ltr'>οι</span> 
     </span>
     <span class='ocr_line' id='line_1_10' title="bbox 312 802 1895 875; baseline -0.002 -16"><span class='ocrx_word' id='word_1_71' title='bbox 312 806 403 859; x_wconf 81' lang='grc' dir='ltr'>οὐκ</span> <span class='ocrx_word' id='word_1_72' title='bbox 438 806 521 859; x_wconf 81' lang='grc' dir='ltr'>ε’πὶ</span> <span class='ocrx_word' id='word_1_73' title='bbox 554 808 670 858; x_wconf 84' lang='grc' dir='ltr'>νόον</span> <span class='ocrx_word' id='word_1_74' title='bbox 701 806 936 858; x_wconf 91' lang='grc' dir='ltr'>ποιέουσι</span> <span class='ocrx_word' id='word_1_75' title='bbox 976 803 1219 874; x_wconf 83' lang='grc' dir='ltr'>Πέρσῃσι</span> <span class='ocrx_word' id='word_1_76' title='bbox 1256 802 1626 875; x_wconf 87' lang='grc' dir='ltr'>στρατεύεσθαι</span> <span class='ocrx_word' id='word_1_77' title='bbox 1668 804 1753 858; x_wconf 79' lang='grc' dir='ltr'>ἐπὶ</span> <span class='ocrx_word' id='word_1_78' title='bbox 1788 814 1895 856; x_wconf 87' lang='grc' dir='ltr'>Λυ-</span> 
     </span>
     <span class='ocr_line' id='line_1_11' title="bbox 313 879 1894 952; baseline -0.002 -15"><span class='ocrx_word' id='word_1_79' title='bbox 313 879 481 938; x_wconf 81' lang='grc' dir='ltr'>δούς.”</span> <span class='ocrx_word' id='word_1_80' title='bbox 561 886 727 937; x_wconf 84' lang='grc' dir='ltr'>Ταῦτα</span> <span class='ocrx_word' id='word_1_81' title='bbox 757 883 944 952; x_wconf 86' lang='grc' dir='ltr'>λέγων,</span> <span class='ocrx_word' id='word_1_82' title='bbox 972 882 1065 934; x_wconf 79' lang='grc' dir='ltr'>οὐκ</span> <span class='ocrx_word' id='word_1_83' title='bbox 1098 882 1266 935; x_wconf 81' lang='grc' dir='ltr'>ἔπειθε</span> <span class='ocrx_word' id='word_1_84' title='bbox 1307 884 1397 936; x_wconf 87' lang='grc' dir='ltr'>τὸν</span> <span class='ocrx_word' id='word_1_85' title='bbox 1424 884 1667 952; x_wconf 85' lang='grc' dir='ltr'>Κροῖσον.</span> <span class='ocrx_word' id='word_1_86' title='bbox 1752 883 1894 952; x_wconf 89' lang='grc' dir='ltr'>Πέρ-</span> 
     </span>
     <span class='ocr_line' id='line_1_12' title="bbox 313 957 1894 1031; baseline 0.001 -19"><span class='ocrx_word' id='word_1_87' title='bbox 313 981 443 1028; x_wconf 80' lang='grc' dir='ltr'>σῃσι</span> <span class='ocrx_word' id='word_1_88' title='bbox 467 960 586 1031; x_wconf 73' lang='grc' dir='ltr'>γὰρ,</span> <span class='ocrx_word' id='word_1_89' title='bbox 613 960 735 1031; x_wconf 81' lang='grc' dir='ltr'>πρὶν</span> <span class='ocrx_word' id='word_1_90' title='bbox 761 959 954 1014; x_wconf 80' lang='grc' dir='ltr'>Λυδοὺς</span> <span class='ocrx_word' id='word_1_91' title='bbox 981 959 1460 1030; x_wconf 75' lang='grc' dir='ltr'>καταστρέψασθαι,</span> <span class='ocrx_word' id='word_1_92' title='bbox 1482 957 1544 1026; x_wconf 85' lang='grc' dir='ltr'>ἦν</span> <span class='ocrx_word' id='word_1_93' title='bbox 1563 961 1680 1012; x_wconf 77' lang='grc' dir='ltr'>οὔτε</span> <span class='ocrx_word' id='word_1_94' title='bbox 1706 963 1894 1030; x_wconf 84' lang='grc' dir='ltr'>ἁβρὸν,</span> 
     </span>
    </p>

    <p class='ocr_par' dir='ltr' id='par_1_3' title="bbox 219 1034 1897 1265">
     <span class='ocr_line' id='line_1_13' title="bbox 219 1034 1893 1108; baseline -0.001 -16"><span class='ocrx_word' id='word_1_95' title='bbox 219 1034 293 1098; x_wconf 79' lang='grc'>72</span> <span class='ocrx_word' id='word_1_96' title='bbox 313 1041 430 1091; x_wconf 80' lang='grc' dir='ltr'>οὔτε</span> <span class='ocrx_word' id='word_1_97' title='bbox 456 1037 646 1108; x_wconf 83' lang='grc' dir='ltr'>ἀγαθὸν</span> <span class='ocrx_word' id='word_1_98' title='bbox 671 1039 836 1091; x_wconf 79' lang='grc' dir='ltr'>οὐδέν.</span> <span class='ocrx_word' id='word_1_99' title='bbox 1042 1039 1103 1090; x_wconf 77' lang='grc' dir='ltr'>Οἱ</span> <span class='ocrx_word' id='word_1_100' title='bbox 1132 1039 1186 1091; x_wconf 77' lang='grc' dir='ltr'>δὲ</span> <span class='ocrx_word' id='word_1_101' title='bbox 1216 1039 1545 1092; x_wconf 85' lang='grc' dir='ltr'>Καππαδόκαι</span> <span class='ocrx_word' id='word_1_102' title='bbox 1572 1038 1669 1092; x_wconf 77' lang='grc' dir='ltr'>ὑπὸ</span> <span class='ocrx_word' id='word_1_103' title='bbox 1694 1037 1893 1104; x_wconf 64' lang='grc' dir='ltr'>Ἐλλή-</span> 
     </span>
     <span class='ocr_line' id='line_1_14' title="bbox 313 1113 1897 1186; baseline -0.002 -15"><span class='ocrx_word' id='word_1_104' title='bbox 313 1137 412 1171; x_wconf 89' lang='grc' dir='ltr'>νων</span> <span class='ocrx_word' id='word_1_105' title='bbox 433 1113 602 1186; x_wconf 83' lang='grc' dir='ltr'>Σύριοι</span> <span class='ocrx_word' id='word_1_106' title='bbox 629 1116 974 1184; x_wconf 75' lang='grc' dir='ltr'>ὀνομάζονται·</span> <span class='ocrx_word' id='word_1_107' title='bbox 1019 1113 1154 1184; x_wconf 84' lang='grc' dir='ltr'>ἦσαν</span> <span class='ocrx_word' id='word_1_108' title='bbox 1181 1116 1236 1168; x_wconf 81' lang='grc' dir='ltr'>δὲ</span> <span class='ocrx_word' id='word_1_109' title='bbox 1258 1118 1307 1168; x_wconf 75' lang='grc' dir='ltr'>οὶ</span> <span class='ocrx_word' id='word_1_110' title='bbox 1334 1113 1505 1186; x_wconf 85' lang='grc' dir='ltr'>Σύριοι</span> <span class='ocrx_word' id='word_1_111' title='bbox 1532 1114 1690 1177; x_wconf 76' lang='grc' dir='ltr'>οὗτοι,</span> <span class='ocrx_word' id='word_1_112' title='bbox 1713 1117 1775 1168; x_wconf 85' lang='grc' dir='ltr'>τὸ</span> <span class='ocrx_word' id='word_1_113' title='bbox 1799 1117 1897 1184; x_wconf 78' lang='grc' dir='ltr'>μὲν</span> 
     </span>
     <span class='ocr_line' id='line_1_15' title="bbox 311 1192 1895 1265; baseline -0.001 -17"><span class='ocrx_word' id='word_1_114' title='bbox 311 1197 561 1265; x_wconf 86' lang='grc' dir='ltr'>πρότερον</span> <span class='ocrx_word' id='word_1_115' title='bbox 601 1193 631 1261; x_wconf 83' lang='grc' dir='ltr'>ἢ</span> <span class='ocrx_word' id='word_1_116' title='bbox 679 1194 886 1264; x_wconf 82' lang='grc' dir='ltr'>Πέρσας</span> <span class='ocrx_word' id='word_1_117' title='bbox 937 1193 1105 1264; x_wconf 74' lang='grc' dir='ltr'>ἔρξαι,</span> <span class='ocrx_word' id='word_1_118' title='bbox 1148 1192 1337 1261; x_wconf 79' lang='grc' dir='ltr'>Μήδων</span> <span class='ocrx_word' id='word_1_119' title='bbox 1372 1192 1623 1261; x_wconf 74' lang='grc' dir='ltr'>κατήκοοι,</span> <span class='ocrx_word' id='word_1_120' title='bbox 1666 1196 1784 1246; x_wconf 88' lang='grc' dir='ltr'>τότε</span> <span class='ocrx_word' id='word_1_121' title='bbox 1834 1195 1895 1246; x_wconf 78' lang='grc' dir='ltr'>δὲ</span> 
     </span>
    </p>

    <p class='ocr_par' dir='ltr' id='par_1_4' title="bbox 266 1269 1897 1731">
     <span class='ocr_line' id='line_1_16' title="bbox 266 1269 1897 1343; baseline -0.001 -15"><span class='ocrx_word' id='word_1_122' title='bbox 266 1287 292 1328; x_wconf 77' lang='lat'><em>2</em></span> <span class='ocrx_word' id='word_1_123' title='bbox 315 1269 503 1341; x_wconf 91' lang='grc' dir='ltr'>Κύρου.</span> <span class='ocrx_word' id='word_1_124' title='bbox 547 1275 576 1324; x_wconf 99' lang='lat'><strong><em>6</em></strong></span> <span class='ocrx_word' id='word_1_125' title='bbox 608 1272 710 1343; x_wconf 78' lang='grc' dir='ltr'>γὰρ</span> <span class='ocrx_word' id='word_1_126' title='bbox 744 1270 894 1342; x_wconf 79' lang='grc' dir='ltr'>οὖρος</span> <span class='ocrx_word' id='word_1_127' title='bbox 920 1269 981 1338; x_wconf 83' lang='grc' dir='ltr'>ἦν</span> <span class='ocrx_word' id='word_1_128' title='bbox 1008 1273 1097 1339; x_wconf 81' lang='grc' dir='ltr'>τῆς</span> <span class='ocrx_word' id='word_1_129' title='bbox 1132 1293 1189 1324; x_wconf 90' lang='grc' dir='ltr'>τε</span> <span class='ocrx_word' id='word_1_130' title='bbox 1220 1272 1447 1340; x_wconf 77' lang='grc' dir='ltr'>Μηδικῆς</span> <span class='ocrx_word' id='word_1_131' title='bbox 1486 1272 1646 1342; x_wconf 81' lang='grc' dir='ltr'>ἀρχῆς</span> <span class='ocrx_word' id='word_1_132' title='bbox 1680 1272 1763 1324; x_wconf 82' lang='grc' dir='ltr'>καὶ</span> <span class='ocrx_word' id='word_1_133' title='bbox 1803 1274 1897 1339; x_wconf 83' lang='grc' dir='ltr'>τῆς</span> 
     </span>
     <span class='ocr_line' id='line_1_17' title="bbox 313 1347 1896 1420; baseline 0.001 -17"><span class='ocrx_word' id='word_1_134' title='bbox 313 1351 530 1416; x_wconf 84' lang='grc' dir='ltr'>Λυδικῆς</span> <span class='ocrx_word' id='word_1_135' title='bbox 556 1351 584 1402; x_wconf 92' lang='lat'><strong><em>6</em></strong></span> <span class='ocrx_word' id='word_1_136' title='bbox 618 1347 782 1404; x_wconf 74' lang='grc' dir='ltr'>Ἀλυς</span> <span class='ocrx_word' id='word_1_137' title='bbox 807 1352 1050 1417; x_wconf 87' lang='grc' dir='ltr'>ποταμός·</span> <span class='ocrx_word' id='word_1_138' title='bbox 1096 1347 1151 1404; x_wconf 86' lang='grc' dir='ltr'>ὃς</span> <span class='ocrx_word' id='word_1_139' title='bbox 1176 1347 1281 1420; x_wconf 82' lang='grc' dir='ltr'>ῥέει</span> <span class='ocrx_word' id='word_1_140' title='bbox 1317 1349 1375 1416; x_wconf 73' lang='grc' dir='ltr'>ἐξ</span> <span class='ocrx_word' id='word_1_141' title='bbox 1415 1348 1681 1420; x_wconf 86' lang='grc' dir='ltr'>Ἀρμενίου</span> <span class='ocrx_word' id='word_1_142' title='bbox 1715 1352 1896 1420; x_wconf 77' lang='grc' dir='ltr'>οὔρεος</span> 
     </span>
     <span class='ocr_line' id='line_1_18' title="bbox 315 1426 1896 1496; baseline -0.001 -15"><span class='ocrx_word' id='word_1_143' title='bbox 315 1428 399 1481; x_wconf 79' lang='grc' dir='ltr'>διὰ</span> <span class='ocrx_word' id='word_1_144' title='bbox 441 1428 680 1481; x_wconf 84' lang='grc' dir='ltr'>Κιλίκων·</span> <span class='ocrx_word' id='word_1_145' title='bbox 749 1428 877 1494; x_wconf 82' lang='grc' dir='ltr'>μετὰ</span> <span class='ocrx_word' id='word_1_146' title='bbox 923 1427 997 1487; x_wconf 75' lang='grc' dir='ltr'>δὲ,</span> <span class='ocrx_word' id='word_1_147' title='bbox 1043 1426 1328 1493; x_wconf 79' lang='grc' dir='ltr'>Ματιηνοὺς</span> <span class='ocrx_word' id='word_1_148' title='bbox 1372 1427 1465 1496; x_wconf 76' lang='grc' dir='ltr'>μὲν</span> <span class='ocrx_word' id='word_1_149' title='bbox 1508 1427 1561 1479; x_wconf 80' lang='grc' dir='ltr'>ἐν</span> <span class='ocrx_word' id='word_1_150' title='bbox 1601 1427 1738 1495; x_wconf 83' lang='grc' dir='ltr'>δεξιῇ</span> <span class='ocrx_word' id='word_1_151' title='bbox 1784 1427 1896 1496; x_wconf 84' lang='grc' dir='ltr'>ἔχει</span> 
     </span>
     <span class='ocr_line' id='line_1_19' title="bbox 311 1503 1891 1576; baseline 0 -18"><span class='ocrx_word' id='word_1_152' title='bbox 311 1504 458 1576; x_wconf 83' lang='grc' dir='ltr'>ῥέων,</span> <span class='ocrx_word' id='word_1_153' title='bbox 489 1506 543 1558; x_wconf 82' lang='grc' dir='ltr'>ἐκ</span> <span class='ocrx_word' id='word_1_154' title='bbox 571 1506 626 1559; x_wconf 78' lang='grc' dir='ltr'>δὲ</span> <span class='ocrx_word' id='word_1_155' title='bbox 652 1508 743 1558; x_wconf 85' lang='grc' dir='ltr'>τοῦ</span> <span class='ocrx_word' id='word_1_156' title='bbox 771 1505 944 1575; x_wconf 81' lang='grc' dir='ltr'>ἐτέρου</span> <span class='ocrx_word' id='word_1_157' title='bbox 971 1503 1190 1574; x_wconf 82' lang='grc' dir='ltr'>Φρύγας·</span> <span class='ocrx_word' id='word_1_158' title='bbox 1232 1507 1667 1576; x_wconf 84' lang='grc' dir='ltr'>παραμειβόμενος</span> <span class='ocrx_word' id='word_1_159' title='bbox 1688 1506 1743 1558; x_wconf 77' lang='grc' dir='ltr'>δὲ</span> <span class='ocrx_word' id='word_1_160' title='bbox 1770 1504 1891 1558; x_wconf 89' lang='grc' dir='ltr'>τού-</span> 
     </span>
     <span class='ocr_line' id='line_1_20' title="bbox 313 1581 1892 1654; baseline 0 -18"><span class='ocrx_word' id='word_1_161' title='bbox 313 1605 450 1649; x_wconf 86' lang='grc' dir='ltr'>τους,</span> <span class='ocrx_word' id='word_1_162' title='bbox 479 1585 560 1636; x_wconf 83' lang='grc' dir='ltr'>καὶ</span> <span class='ocrx_word' id='word_1_163' title='bbox 600 1583 729 1654; x_wconf 89' lang='grc' dir='ltr'>ῥέων</span> <span class='ocrx_word' id='word_1_164' title='bbox 757 1582 857 1636; x_wconf 77' lang='grc' dir='ltr'>ἅνω</span> <span class='ocrx_word' id='word_1_165' title='bbox 891 1585 1021 1652; x_wconf 88' lang='grc' dir='ltr'>πρὸς</span> <span class='ocrx_word' id='word_1_166' title='bbox 1060 1582 1249 1653; x_wconf 88' lang='grc' dir='ltr'>βορέην</span> <span class='ocrx_word' id='word_1_167' title='bbox 1275 1582 1473 1650; x_wconf 74' lang='grc' dir='ltr'>ἄνεμον,</span> <span class='ocrx_word' id='word_1_168' title='bbox 1502 1581 1644 1636; x_wconf 75' lang='grc' dir='ltr'>ἔνθεν</span> <span class='ocrx_word' id='word_1_169' title='bbox 1674 1584 1767 1651; x_wconf 82' lang='grc' dir='ltr'>μὲν</span> <span class='ocrx_word' id='word_1_170' title='bbox 1796 1592 1892 1636; x_wconf 81' lang='grc' dir='ltr'>Συ·-</span> 
     </span>
     <span class='ocr_line' id='line_1_21' title="bbox 312 1658 1891 1731; baseline 0 -17"><span class='ocrx_word' id='word_1_171' title='bbox 312 1663 456 1731; x_wconf 89' lang='grc' dir='ltr'>ρίους</span> <span class='ocrx_word' id='word_1_172' title='bbox 505 1662 845 1715; x_wconf 89' lang='grc' dir='ltr'>Καππαδόκας</span> <span class='ocrx_word' id='word_1_173' title='bbox 889 1660 1116 1731; x_wconf 83' lang='grc' dir='ltr'>ἀπέργει,</span> <span class='ocrx_word' id='word_1_174' title='bbox 1160 1660 1218 1726; x_wconf 81' lang='grc' dir='ltr'>ἐξ</span> <span class='ocrx_word' id='word_1_175' title='bbox 1265 1658 1521 1730; x_wconf 76' lang='grc' dir='ltr'>εὐωνύμου</span> <span class='ocrx_word' id='word_1_176' title='bbox 1565 1661 1621 1714; x_wconf 77' lang='grc' dir='ltr'>δὲ</span> <span class='ocrx_word' id='word_1_177' title='bbox 1662 1663 1891 1730; x_wconf 84' lang='grc' dir='ltr'>Παφλα-</span> 
     </span>
    </p>

    <p class='ocr_par' dir='ltr' id='par_1_5' title="bbox 271 1735 1960 2114">
     <span class='ocr_line' id='line_1_22' title="bbox 271 1735 1896 1809; baseline 0.001 -19"><span class='ocrx_word' id='word_1_178' title='bbox 271 1757 296 1798; x_wconf 75' lang='grc'><strong>3</strong></span> <span class='ocrx_word' id='word_1_179' title='bbox 314 1742 482 1809; x_wconf 88' lang='grc' dir='ltr'>γόνας.</span> <span class='ocrx_word' id='word_1_180' title='bbox 527 1735 659 1791; x_wconf 78' lang='grc' dir='ltr'>οὕτω</span> <span class='ocrx_word' id='word_1_181' title='bbox 687 1741 715 1790; x_wconf 91' lang='lat'><strong><em>6</em></strong></span> <span class='ocrx_word' id='word_1_182' title='bbox 749 1736 912 1792; x_wconf 72' lang='grc' dir='ltr'>Ἀλυς</span> <span class='ocrx_word' id='word_1_183' title='bbox 936 1739 1164 1805; x_wconf 86' lang='grc' dir='ltr'>ποταμὸς</span> <span class='ocrx_word' id='word_1_184' title='bbox 1200 1738 1474 1806; x_wconf 80' lang='grc' dir='ltr'>ἀποτάμνει</span> <span class='ocrx_word' id='word_1_185' title='bbox 1513 1740 1703 1808; x_wconf 88' lang='grc' dir='ltr'>σχεδὸν</span> <span class='ocrx_word' id='word_1_186' title='bbox 1728 1740 1896 1792; x_wconf 85' lang='grc' dir='ltr'>πάντα</span> 
     </span>
     <span class='ocr_line' id='line_1_23' title="bbox 313 1815 1960 1887; baseline 0.002 -19"><span class='ocrx_word' id='word_1_187' title='bbox 313 1819 404 1883; x_wconf 83' lang='grc' dir='ltr'>τῆς</span> <span class='ocrx_word' id='word_1_188' title='bbox 429 1815 608 1882; x_wconf 86' lang='grc' dir='ltr'>Ἀσίης</span> <span class='ocrx_word' id='word_1_189' title='bbox 633 1816 698 1868; x_wconf 83' lang='grc' dir='ltr'>τὰ</span> <span class='ocrx_word' id='word_1_190' title='bbox 725 1817 856 1868; x_wconf 86' lang='grc' dir='ltr'>κάτω</span> <span class='ocrx_word' id='word_1_191' title='bbox 885 1815 938 1867; x_wconf 86' lang='grc' dir='ltr'>ἐκ</span> <span class='ocrx_word' id='word_1_192' title='bbox 966 1815 1240 1882; x_wconf 87' lang='grc' dir='ltr'>θαλάσσης</span> <span class='ocrx_word' id='word_1_193' title='bbox 1282 1817 1371 1883; x_wconf 74' lang='grc' dir='ltr'>τῆς</span> <span class='ocrx_word' id='word_1_194' title='bbox 1405 1815 1577 1870; x_wconf 81' lang='grc' dir='ltr'>ἀντίον</span> <span class='ocrx_word' id='word_1_195' title='bbox 1603 1815 1815 1887; x_wconf 87' lang='grc' dir='ltr'>Κύπρου</span> <span class='ocrx_word' id='word_1_196' title='bbox 1843 1818 1896 1873; x_wconf 87' lang='grc' dir='ltr'>ε’ς</span> <span class='ocrx_word' id='word_1_197' title='bbox 1959 1829 1960 1832; x_wconf 77' lang='grc'>’</span> 
     </span>
     <span class='ocr_line' id='line_1_24' title="bbox 313 1892 1895 1965; baseline 0.001 -21"><span class='ocrx_word' id='word_1_198' title='bbox 313 1894 402 1945; x_wconf 90' lang='grc' dir='ltr'>τὸν</span> <span class='ocrx_word' id='word_1_199' title='bbox 438 1892 678 1958; x_wconf 81' lang='grc' dir='ltr'>Εὔξεινον</span> <span class='ocrx_word' id='word_1_200' title='bbox 711 1897 916 1946; x_wconf 91' lang='grc' dir='ltr'>πόντον.</span> <span class='ocrx_word' id='word_1_201' title='bbox 966 1894 1080 1946; x_wconf 78' lang='grc' dir='ltr'>ἔστι</span> <span class='ocrx_word' id='word_1_202' title='bbox 1121 1893 1177 1946; x_wconf 78' lang='grc' dir='ltr'>δὲ</span> <span class='ocrx_word' id='word_1_203' title='bbox 1219 1893 1381 1962; x_wconf 77' lang='grc' dir='ltr'>αὐχὴν</span> <span class='ocrx_word' id='word_1_204' title='bbox 1416 1892 1564 1950; x_wconf 82' lang='grc' dir='ltr'>οὗτος</span> <span class='ocrx_word' id='word_1_205' title='bbox 1598 1897 1688 1962; x_wconf 82' lang='grc' dir='ltr'>τῆς</span> <span class='ocrx_word' id='word_1_206' title='bbox 1724 1897 1895 1965; x_wconf 84' lang='grc' dir='ltr'>χώρης</span> 
     </span>
     <span class='ocr_line' id='line_1_25' title="bbox 313 1967 1893 2044; baseline 0.003 -22"><span class='ocrx_word' id='word_1_207' title='bbox 313 1967 497 2037; x_wconf 87' lang='grc' dir='ltr'>ταύτης</span> <span class='ocrx_word' id='word_1_208' title='bbox 523 1971 744 2036; x_wconf 80' lang='grc' dir='ltr'>ἁπάσης</span> <span class='ocrx_word' id='word_1_209' title='bbox 785 1973 943 2039; x_wconf 69' lang='grc' dir='ltr'>μῆκος</span> <span class='ocrx_word' id='word_1_210' title='bbox 970 1971 1113 2032; x_wconf 85' lang='grc' dir='ltr'>ὁδοῦ,</span> <span class='ocrx_word' id='word_1_211' title='bbox 1142 1971 1340 2044; x_wconf 77' lang='grc' dir='ltr'>εὗζώνω</span> <span class='ocrx_word' id='word_1_212' title='bbox 1367 1971 1512 2043; x_wconf 80' lang='grc' dir='ltr'>ἀνδρὶ</span> <span class='ocrx_word' id='word_1_213' title='bbox 1537 1972 1687 2027; x_wconf 90' lang='grc' dir='ltr'>πέντε</span> <span class='ocrx_word' id='word_1_214' title='bbox 1712 1970 1893 2044; x_wconf 85' lang='grc' dir='ltr'>ἡμέραι</span> 
     </span>
     <span class='ocr_line' id='line_1_26' title="bbox 315 2047 714 2114; baseline -0.003 -14"><span class='ocrx_word' id='word_1_215' title='bbox 315 2047 714 2114; x_wconf 78' lang='grc' dir='ltr'>ἀναισιμοῦνται.</span> 
     </span>
    </p>

    <p class='ocr_par' dir='ltr' id='par_1_6' title="bbox 225 2117 1892 2428">
     <span class='ocr_line' id='line_1_27' title="bbox 225 2117 1891 2225; baseline 0.001 -43"><span class='ocrx_word' id='word_1_216' title='bbox 225 2117 296 2182; x_wconf 80' lang='grc'>73</span> <span class='ocrx_word' id='word_1_217' title='bbox 389 2122 759 2196; x_wconf 87' lang='grc' dir='ltr'>Ἐστρατεύετο</span> <span class='ocrx_word' id='word_1_218' title='bbox 815 2126 870 2180; x_wconf 86' lang='grc' dir='ltr'>δε</span> <span class='ocrx_word' id='word_1_219' title='bbox 913 2128 942 2178; x_wconf 91' lang='lat'><strong><em>6</em></strong></span> <span class='ocrx_word' id='word_1_220' title='bbox 967 2127 1214 2220; x_wconf 82' lang='grc' dir='ltr'>Κροισος</span> <span class='ocrx_word' id='word_1_221' title='bbox 1256 2125 1340 2178; x_wconf 79' lang='grc' dir='ltr'>ἐπὶ</span> <span class='ocrx_word' id='word_1_222' title='bbox 1382 2125 1475 2193; x_wconf 87' lang='grc' dir='ltr'>τὴν</span> <span class='ocrx_word' id='word_1_223' title='bbox 1528 2128 1891 2225; x_wconf 78' lang='grc' dir='ltr'>Καππαδοκίην</span> 
     </span>
     <span class='ocr_line' id='line_1_28' title="bbox 310 2199 1892 2274; baseline 0.002 -19"><span class='ocrx_word' id='word_1_224' title='bbox 310 2203 469 2256; x_wconf 83' lang='grc' dir='ltr'>τῶνδε</span> <span class='ocrx_word' id='word_1_225' title='bbox 495 2199 673 2254; x_wconf 78' lang='grc' dir='ltr'>εἵνεκα·</span> <span class='ocrx_word' id='word_1_226' title='bbox 720 2199 801 2252; x_wconf 78' lang='grc' dir='ltr'>καὶ</span> <span class='ocrx_word' id='word_1_227' title='bbox 841 2201 936 2268; x_wconf 81' lang='grc' dir='ltr'>γῆς</span> <span class='ocrx_word' id='word_1_228' title='bbox 965 2201 1137 2272; x_wconf 82' lang='grc' dir='ltr'>ἴμέρω,</span> <span class='ocrx_word' id='word_1_229' title='bbox 1165 2200 1598 2271; x_wconf 79' lang='grc' dir='ltr'>προσκτήσασθαι</span> <span class='ocrx_word' id='word_1_230' title='bbox 1632 2207 1762 2274; x_wconf 88' lang='grc' dir='ltr'>πρὸς</span> <span class='ocrx_word' id='word_1_231' title='bbox 1800 2205 1892 2274; x_wconf 83' lang='grc' dir='ltr'>τὴν</span> 
     </span>
     <span class='ocr_line' id='line_1_29' title="bbox 311 2278 1889 2356; baseline 0.003 -24"><span class='ocrx_word' id='word_1_232' title='bbox 311 2281 501 2333; x_wconf 77' lang='grc' dir='ltr'>ἑωυτοῦ</span> <span class='ocrx_word' id='word_1_233' title='bbox 526 2279 707 2349; x_wconf 83' lang='grc' dir='ltr'>μοῖραν</span> <span class='ocrx_word' id='word_1_234' title='bbox 730 2279 1069 2345; x_wconf 85' lang='grc' dir='ltr'>βουλόμενος·</span> <span class='ocrx_word' id='word_1_235' title='bbox 1114 2278 1195 2330; x_wconf 83' lang='grc' dir='ltr'>καὶ</span> <span class='ocrx_word' id='word_1_236' title='bbox 1219 2280 1467 2346; x_wconf 87' lang='grc' dir='ltr'>μάλιστα,</span> <span class='ocrx_word' id='word_1_237' title='bbox 1496 2283 1568 2353; x_wconf 75' lang='grc' dir='ltr'>τῷ</span> <span class='ocrx_word' id='word_1_238' title='bbox 1591 2283 1889 2356; x_wconf 78' lang='grc' dir='ltr'>χρηστηρίῳ</span> 
     </span>
     <span class='ocr_line' id='line_1_30' title="bbox 311 2353 1887 2428; baseline 0.003 -20"><span class='ocrx_word' id='word_1_239' title='bbox 311 2377 526 2412; x_wconf 85' lang='grc' dir='ltr'>πισυνος</span> <span class='ocrx_word' id='word_1_240' title='bbox 561 2357 672 2416; x_wconf 84' lang='grc' dir='ltr'>ε’ὦν,</span> <span class='ocrx_word' id='word_1_241' title='bbox 702 2355 784 2407; x_wconf 90' lang='grc' dir='ltr'>και</span> <span class='ocrx_word' id='word_1_242' title='bbox 809 2354 1056 2407; x_wconf 84' lang='grc' dir='ltr'>τίσασθαι</span> <span class='ocrx_word' id='word_1_243' title='bbox 1091 2353 1306 2408; x_wconf 61' lang='grc' dir='ltr'>θέλων*</span> <span class='ocrx_word' id='word_1_244' title='bbox 1282 2379 1409 2428; x_wconf 88' lang='grc' dir='ltr'>υπερ</span> <span class='ocrx_word' id='word_1_245' title='bbox 1444 2356 1757 2428; x_wconf 87' lang='grc' dir='ltr'>Ἀστυάγεος</span> <span class='ocrx_word' id='word_1_246' title='bbox 1784 2365 1887 2413; x_wconf 86' lang='grc' dir='ltr'>Κῦ-</span> 
     </span>
    </p>

    <p class='ocr_par' dir='ltr' id='par_1_7' title="bbox 267 2431 1886 2583">
     <span class='ocr_line' id='line_1_31' title="bbox 267 2431 1886 2508; baseline 0.007 -27"><span class='ocrx_word' id='word_1_247' title='bbox 267 2447 296 2488; x_wconf 77' lang='lat'>2</span> <span class='ocrx_word' id='word_1_248' title='bbox 313 2452 420 2500; x_wconf 92' lang='grc' dir='ltr'>ρον.</span> <span class='ocrx_word' id='word_1_249' title='bbox 487 2431 777 2501; x_wconf 83' lang='grc' dir='ltr'>Ἀστυάγεα</span> <span class='ocrx_word' id='word_1_250' title='bbox 826 2431 944 2501; x_wconf 80' lang='grc' dir='ltr'>γὰρ,</span> <span class='ocrx_word' id='word_1_251' title='bbox 989 2433 1079 2485; x_wconf 86' lang='grc' dir='ltr'>τὸν</span> <span class='ocrx_word' id='word_1_252' title='bbox 1126 2434 1419 2504; x_wconf 78' lang='grc' dir='ltr'>Κυαξάρεω,</span> <span class='ocrx_word' id='word_1_253' title='bbox 1460 2436 1606 2488; x_wconf 84' lang='grc' dir='ltr'>ἐόντα</span> <span class='ocrx_word' id='word_1_254' title='bbox 1659 2437 1886 2508; x_wconf 88' lang='grc' dir='ltr'>Κροίσου</span> 
     </span>
     <span class='ocr_line' id='line_1_32' title="bbox 313 2505 1885 2583; baseline 0.006 -23"><span class='ocrx_word' id='word_1_255' title='bbox 313 2507 402 2562; x_wconf 80' lang='grc' dir='ltr'>ιιὲν</span> <span class='ocrx_word' id='word_1_256' title='bbox 438 2509 694 2577; x_wconf 84' lang='grc' dir='ltr'>γαμβρὸν,</span> <span class='ocrx_word' id='word_1_257' title='bbox 725 2505 915 2574; x_wconf 75' lang='grc' dir='ltr'>Μήδων</span> <span class='ocrx_word' id='word_1_258' title='bbox 951 2509 1006 2560; x_wconf 89' lang='grc' dir='ltr'>δε</span> <span class='ocrx_word' id='word_1_259' title='bbox 1045 2511 1291 2572; x_wconf 84' lang='grc' dir='ltr'>βασιλέα,</span> <span class='ocrx_word' id='word_1_260' title='bbox 1322 2515 1488 2583; x_wconf 88' lang='grc' dir='ltr'>Κῦρος</span> <span class='ocrx_word' id='word_1_261' title='bbox 1522 2515 1553 2566; x_wconf 86' lang='lat'><strong><em>6</em></strong></span> <span class='ocrx_word' id='word_1_262' title='bbox 1594 2513 1885 2583; x_wconf 83' lang='grc' dir='ltr'>Καμβύσεω</span> 
     </span>
    </p>
   </div>
   <div class='ocr_carea' id='block_1_3' title="bbox 1955 287 1965 868">
    <p class='ocr_par' dir='ltr' id='par_1_8' title="bbox 1955 287 1965 868">
     <span class='ocr_line' id='line_1_33' title="bbox 1955 287 1965 868; baseline 0 0"><span class='ocrx_word' id='word_1_263' title='bbox 1955 287 1965 868; x_wconf 95' lang='lat' dir='ltr'> </span> 
     </span>
    </p>
   </div>
  </div>
 </body>
</html>
