1975 2892
303 112 418 167 234
890 124 1294 171 ΗΡοΔοΤοΥ

1522 180 1659 226 ῐΑ.0.
1678 176 1885 217 525-522

199 248 277 301 25
433 240 748 307 Θεησάμενοι
800 238 856 291 δὲ
909 239 972 291 τὰ
1024 239 1187 292 πάντα
1240 240 1289 291 οἶ
1337 236 1675 297 κατάσκοποι,
1732 234 1886 286 ἀπαλ-

306 313 572 366 λάσσοντο
600 312 791 366 ὀπίσω.
834 310 1252 383 ἀπαγγειλάντων
1277 312 1332 365 δὲ
1368 314 1526 363 ταῦτα
1550 311 1775 373 τούτων,
1804 311 1887 363 αὖ·

305 390 420 443 τίκα
455 387 484 442 ὅ
513 388 814 459 Καμβύσης,
845 390 1003 461 ὀργὴν
1040 392 1399 457 ποιησάμενος,
1430 386 1779 459 ἐστρατεύετο
1816 390 1894 442 ἐπὶ

306 468 425 523 τοὺς
452 468 717 524 Αἰθίοπας·
755 471 872 522 οὔτε
896 468 1223 538 παρασκευὴν
1248 467 1398 520 σίτου
1425 468 1666 534 οὐδεμίαν
1690 490 1894 559 παραγ·

307 547 503 618 γείλας,
533 549 650 601 οὔτε
688 549 850 618 λόγον
888 548 1058 619 εωυτῷ
1100 544 1297 607 δοὺς,”
1266 567 1345 598 οτι
1382 546 1436 601 ἐς
1468 546 1535 597 τὰ
1568 546 1787 613 ἔσχατα
1812 549 1899 612 τῆς

265 629 404 696 ῃγῆς
437 626 624 695 ἔμελλε
662 623 1051 695 στρατεύεσθαι.
1095 619 1179 677 οἶα
1218 624 1273 677 δὲ
1314 622 1533 692 ἐμμανής
1572 644 1631 677 τε
1672 624 1779 677 ἐὼν
1821 626 1902 677 καὶ

309 704 370 755 οὔ
405 702 679 773 φρενήρης,
709 703 777 757 ὥς
811 704 962 769 ἤκουε
997 708 1099 755 τῶν
1122 702 1498 773 Ἰχθυοφάγων,
1529 700 1901 772 ἐστρατεύετο,

308 779 575 848 Ἑλλήνων
607 781 700 848 μὲν
735 780 854 835 τοὺς
885 782 1169 849 παρεόντας
1203 780 1357 833 αὐτοῦ
1392 778 1549 847 ταύτῃ
1576 781 1746 845 τάξας
1774 782 1901 834 ὕπο·

269 880 294 921 8
309 859 492 927 μένειν,
521 860 610 911 τὸν
637 858 692 910 δὲ
717 859 872 922 πεζὸν
896 858 1062 911 πάντα
1096 859 1200 927 ἅμα
1234 858 1497 928 ἀγόμενος.
1580 856 1739 912 Ἐπεί
1764 881 1827 911 τε
1853 861 1903 911 δὲ

312 937 710 1005 στρατευόμενος
739 936 937 1005 ἐγένετο
965 936 1019 989 ἐν
1037 935 1264 1003 Θήβῃσι,
1282 935 1517 1001 ἀπέκρινε
1542 940 1639 989 τοῦ
1668 940 1904 1007 στρατοῦ

311 1014 378 1068 ὧς
397 1012 547 1066 πέντε
565 1014 826 1084 μυριάδας·
859 1014 940 1067 καὶ
961 1012 1193 1068 τούτοισι
1209 1015 1301 1083 μὲν
1318 1014 1643 1075 ἐνετέλλετο,
1660 1013 1903 1084 Ἀμμων·

313 1092 420 1146 ίους
463 1091 1054 1162 ἐξανδραποδισαμένους
1092 1095 1153 1146 τὸ
1196 1091 1511 1163 χρηστῆριον
1546 1094 1606 1145 τὸ
1645 1096 1747 1147 τοῦ
1790 1096 1909 1149 Διὸς

311 1170 586 1240 ἐμπρῆσαι·
630 1170 783 1225 αὐτὸς
819 1171 874 1223 δὲ
910 1172 1003 1225 τὸν
1032 1174 1220 1225 λοιπὸν
1254 1171 1393 1241 ἄγων
1432 1172 1676 1241 στρατὸν,
1706 1174 1801 1240 ἤϊε
1830 1174 1910 1226 ἐπὶ

275 1248 434 1304 ιτοὺς
459 1247 726 1303 Αἰθίοπας.
809 1248 943 1319 Πρὶν
982 1250 1039 1302 δὲ
1079 1252 1169 1317 τῆς
1208 1249 1333 1303 ὁδοῦ
1372 1250 1430 1301 τὸ
1468 1249 1709 1317 πέμπτον
1751 1252 1912 1321 μέρος

285 1325 665 1393 ,διεληλυθέναι
712 1325 803 1393 τὴν
849 1327 1113 1398 στρατιὴν,
1162 1326 1341 1380 αὐτίκα
1384 1329 1550 1381 πάντα
1595 1327 1797 1384 αὐτοὺς
1848 1330 1913 1381 τὰ

316 1401 460 1475 εἶχον
501 1404 680 1457 σιτίων
719 1404 937 1475 ἐχόμενα
977 1405 1326 1459 ἐπελελοίπεε·
1376 1406 1504 1473 μετὰ
1540 1406 1598 1459 δὲ
1634 1406 1703 1459 τὰ
1740 1408 1909 1468 σιτία,

276 1498 301 1539 6
317 1485 398 1537 καὶ
423 1484 488 1537 τὰ
507 1480 755 1554 ὑποζύγια
783 1483 994 1538 ἐπέλιπε
1014 1483 1395 1551 κατεσθιόμενα*
1434 1484 1479 1536 εἰ
1504 1482 1598 1551 μέν
1616 1505 1713 1537 νυν
1730 1485 1911 1553 μαθὼν

315 1565 474 1615 ταῦτα
500 1565 529 1615 ὁ
557 1559 841 1629 Καμβύσης
877 1562 1245 1633 ἐγνωσιμάχεε,
1276 1562 1358 1614 καὶ
1394 1562 1560 1632 ἀπῆγε
1596 1560 1781 1616 ὀπίσω
1819 1566 1905 1616 τὸν

319 1641 557 1709 στρατὸν,
578 1639 662 1693 ἐπὶ
681 1640 743 1707 τῇ
768 1639 993 1709 ἀρχῆθεν
1016 1639 1259 1711 γενομένῃ
1281 1640 1529 1710 ἁμαρτάδι
1554 1638 1617 1707 ἦν
1645 1640 1713 1693 ἂν
1734 1644 1907 1711 σοφὸς

317 1716 460 1787 ἀνήρ·
506 1722 594 1772 νῦν
633 1718 690 1770 δὲ
729 1717 908 1771 οὐδένα
945 1719 1109 1789 λόγον
1146 1716 1460 1785 ποιεύμενος,
1492 1720 1578 1785 ἤῖε
1616 1718 1723 1772 αἰεὶ
1760 1720 1817 1775 ἐς
1852 1722 1905 1771 τὸ

275 1798 518 1865 οπρόσω.
561 1797 611 1849 οἶ
638 1795 693 1848 δὲ
723 1800 1047 1867 στρατιῶται,
1078 1796 1173 1851 ἕως
1207 1795 1300 1865 μέν
1326 1816 1377 1848 τι
1412 1792 1554 1865 εἶχον
1590 1796 1647 1849 ἐκ
1686 1800 1783 1866 τῆς
1818 1801 1909 1869 γῆς

317 1873 616 1940 λαμβάνειν,
638 1872 1043 1944 ποιηφαγέοντες
1070 1875 1293 1940 διέζωον·
1332 1874 1441 1929 ἐπεὶ
1468 1875 1524 1927 δὲ
1550 1872 1607 1929 ἐς
1632 1874 1733 1942 τὴν
1758 1876 1907 1946 ψάμ-

317 1971 415 2017 μον
449 1949 710 2013 ἀπίκοντο,
741 1952 904 2005 δεινὸν
938 1953 1090 2023 ἔργον
1123 1953 1288 2006 αὐτῶν
1323 1952 1455 2008 τινὲς
1490 1951 1811 2023 ἐργάσαντο·
1856 1954 1913 2007 ἐκ

319 2027 528 2081 δεκάδος
565 2028 666 2098 γὰρ
707 2027 794 2081 ἕνα
831 2030 1011 2099 σφέων
1046 2031 1211 2084 αὐτῶν
1244 2030 1731 2100 ἀποκληρώσαντες,
1763 2033 1911 2085 κατέ-

274 2117 300 2163 7
320 2107 510 2176 φαγον.
565 2105 850 2175 πυθόμενος
889 2108 945 2161 δὲ
985 2112 1144 2163 ταῦτα
1183 2111 1211 2161 ὁ
1254 2107 1556 2178 Καμβύσης,
1594 2110 1781 2165 δείσας
1822 2112 1914 2179 τὴν

321 2183 737 2255 ἀλληλοφαγίην,
775 2184 920 2241 ἀπεὶς
954 2188 1043 2240 τὸν
1077 2186 1157 2242 ἐπ’
1193 2186 1441 2243 Αἰθίοπας
1482 2190 1698 2249 στόλον,
1738 2189 1911 2243 ὀπίσω

322 2260 615 2331 ἐπορεύετο,
644 2264 727 2315 καὶ
754 2263 1039 2316 ἀπικνέεται
1074 2264 1128 2320 ἐς
1156 2263 1349 2333 Θήβας,
1379 2264 1613 2320 πολλοὺς
1638 2265 1912 2323 ἀπολέσας

320 2342 410 2389 τοῦ
441 2343 683 2409 στρατοῦ.
740 2338 797 2392 ἐκ
825 2341 1038 2405 Θηβέων
1078 2344 1135 2396 δὲ
1174 2344 1401 2405 καταβὰς
1440 2342 1493 2398 ἐς
1520 2343 1763 2411 Μέμφιν,
1794 2347 1911 2400 τοὺς

312 2411 571 2477 Ἕλληνας
607 2416 768 2485 ἀπῆκε
803 2418 1100 2473 ἀποπλέειν.
1144 2424 1173 2473 ὁ
1208 2442 1301 2489 μεν
1326 2418 1406 2475 ἐπ’
1434 2420 1684 2475 Αἰθίοπας
1716 2427 1911 2478 στόλος

219 2482 299 2535 26
321 2506 450 2537 ουτω
479 2491 684 2558 ἔπρηξε.
865 2496 928 2547 Οἱ
957 2495 1001 2548 δ
1031 2498 1195 2551 αὐτῶν
1221 2496 1298 2552 ἐπ’
1328 2499 1703 2567 Ἀμμωνίους’
1668 2522 1908 2553 αποστα-

359 2557 492 2613 ἐντες
519 2566 954 2633 στρατεύεσθαι,’
929 2573 1045 2626 επεί
1070 2596 1126 2627 τε
1153 2575 1506 2646 ὁρμηθέντες’
1481 2596 1539 2629 εκ
1563 2581 1669 2629 τῶν
1690 2579 1911 2645 θηβέων
