1975 2892
310 128 388 183 62
895 130 1304 176 ΗΡοΔοΤοΥ

1652 180 1788 229 [ΔΛΕ.
1809 185 1904 225 ⁵94.
1945 217 1947 263 Χ

313 244 542 299 ἐνθεῦτεν
593 241 706 308 ἐμοὶ
759 237 1000 293 κινδύνων
1052 242 1081 291 ὁ
1133 237 1413 309 μέγιστοςς
1468 238 1609 291 ἀλλὰ
1659 242 1757 291 τοῦ
1811 240 1912 306 μὲν
1945 264 1947 283 ε

312 320 583 391 ἀσφαλέος
618 316 780 370 εἵνεκα
820 318 948 385 ἐμοὶ,
988 317 1066 369 δεῖ
1098 320 1282 369 τοῦτον
1315 319 1557 369 τελευτᾶν
1589 317 1682 369 τὸν
1717 318 1906 369 παῖδα·
1947 369 1949 385 ¹

314 400 393 453 δεῖ
413 398 507 466 μέν
531 418 611 450 τοι
638 401 738 448 τῶν
762 396 875 448 τινὰ
898 393 1216 463 Ἀστυάγεος
1241 395 1398 447 αὐτοῦ
1436 394 1602 464 φονέα
1633 394 1909 464 γενέσθαι,
1948 386 1949 397 ¹

180 477 297 531 110
314 479 395 530 καὶ
422 475 489 544 μὴ
517 480 618 528 τῶν
644 469 835 540 ἐμῶν.”
1031 476 1200 525 Ταῦτα
1226 468 1354 533 εἷπε,
1377 474 1460 524 καὶ
1479 472 1654 524 αὐτίκα
1675 472 1914 541 ἄγγελον

313 556 507 622 ἔπεμπε
532 553 616 605 ἐπὶ
642 556 743 604 τῶν
768 552 1039 614 βουκόλων
1062 555 1164 602 τῶν
1186 548 1503 617 Ἀστυάγεος
1527 551 1616 602 τὸν
1641 545 1910 616 ἦπίστατο

316 633 472 699 νομάς
488 653 543 683 τε
561 630 957 695 ἐπιτηδεωτάτας
974 627 1206 695 νέμοντα,
1227 630 1308 679 καὶ
1324 629 1475 696 οὔρεα
1491 626 1907 696 θηριωδέστατα·

314 714 387 782 τῷ
422 712 611 776 οὕνομα
644 705 706 774 ἦν
742 707 1083 777 Μιτραδάτης,
1113 705 1347 758 συνοίκεε
1371 706 1428 757 δὲ
1453 706 1515 773 τῇ
1549 706 1745 757 ἑωυτοῦ
1776 727 1908 759 συν-

315 786 505 859 δούλῳ·
570 788 759 851 οὕνομα
800 785 855 837 δὲ
894 787 957 851 τῇ
997 784 1198 853 γυναικὶ
1235 780 1299 849 ἦν
1337 787 1398 850 τῇ
1437 783 1688 844 συνοίκεε,
1729 785 1908 843 Κυνὼ,

316 864 442 916 κατὰ
480 863 573 930 τὴν
604 860 870 929 Ἑλλήνων
907 864 1180 931 γλῶσσαν·
1252 861 1378 913 κατὰ
1418 861 1475 913 δὲ
1513 861 1607 928 τὴν
1645 862 1908 927 Μηδικὴν,

274 942 515 998 'Errant-3·
585 939 677 1007 τὴν
713 940 813 1010 γὰρ
850 936 973 991 κῦνα
1009 938 1254 991 καλέουσι
1287 940 1459 991 σπάκα
1495 940 1684 1007 Μῆδοι.
1757 941 1814 991 αἱ
1851 941 1912 992 δὲ

316 1018 538 1089 ὑπώρεαί
572 1018 677 1070 εἶσι
702 1023 804 1069 τῶν
828 1017 1020 1087 οὐρέων
1045 1016 1165 1069 ἔνθα
1190 1017 1280 1072 τὰς
1306 1018 1460 1084 νόμας
1483 1022 1586 1069 τῶν
1619 1019 1766 1080 βοῶν
1793 1013 1912 1086 εἶχε

315 1096 465 1151 οὗτος
490 1095 551 1162 δὴ
579 1098 608 1149 ὁ
633 1098 906 1160 βουκόλος,
928 1096 1058 1164 πρὸς
1084 1095 1252 1165 βορέω
1279 1115 1336 1146 τε
1361 1095 1547 1162 ἀνέμου
1571 1100 1674 1147 τῶν
1698 1092 1907 1165 ’.Αγβα-

274 1186 300 1226 8
317 1176 493 1233 τάνων,
524 1174 604 1225 καὶ
629 1174 759 1241 πρὸς
793 1177 885 1225 τοῦ
919 1174 1112 1226 πόντου
1147 1176 1240 1225 τοῦ
1276 1171 1537 1237 Εὐξείνου.
1620 1170 1782 1239 ταῦτῃ
1810 1173 1912 1241 μὲν

314 1252 413 1322 γὰρ
439 1250 469 1317 ἦ
498 1250 695 1317 Μηδικὴ
723 1252 863 1320 χώρη
890 1251 1021 1321 πρὸς
1055 1251 1354 1319 Σασπείρων
1379 1248 1546 1319 ὀρεινή
1575 1250 1688 1303 ἐστι
1719 1253 1906 1319 κάρτα,

316 1330 397 1381 καὶ
433 1327 614 1399 ὕψηλῆ
642 1348 697 1379 τε
725 1328 807 1379 καὶ
839 1326 983 1395 ἴδῃσι
1013 1326 1324 1397 συνηρεφῆς.
1383 1327 1414 1394 ἡ
1443 1329 1498 1381 δὲ
1525 1329 1661 1395 ἄλλη
1694 1329 1910 1395 Μηδικὴ

274 1418 302 1460 4
316 1409 457 1476 χώρη
499 1408 613 1459 ἐστὶ
646 1407 793 1459 πᾶσα
826 1404 1030 1460 ἄπεδος.
1091 1406 1200 1459 ἐπεὶ
1233 1404 1302 1459 ὧν
1337 1407 1366 1457 ὀ
1401 1408 1657 1469 βουκόλος
1693 1408 1912 1474 σπουδῇ
1959 1412 1964 1467 ‘1

316 1487 488 1551 πολλῇ
536 1485 839 1551 καλεόμενος
883 1483 1111 1543 ἀπίκετο,
1155 1484 1310 1553 ἔλεγε
1360 1487 1391 1536 ὁ
1434 1482 1700 1554 Ἀρπσγος
1755 1487 1906 1537 τάδε·

317 1563 354 1590 “
374 1559 582 1615 Κελεῦει
633 1582 698 1614 σε
736 1562 1023 1630 Ἀστυάγης
1075 1563 1134 1613 τὸ
1186 1560 1388 1614 παιδίον
1439 1566 1591 1614 τοῦτο
1625 1564 1904 1628 λαβόντα,

316 1640 474 1694 θεῖναι
506 1640 651 1695 ἐς’τὸ
690 1639 997 1708 ἐρημότατον
1031 1644 1132 1691 τῶν
1169 1638 1374 1709 οὐρέων,
1413 1638 1542 1693 ὅκως
1576 1639 1638 1691 ἃν
1671 1642 1908 1709 τάχιστα

278 1716 639 1787 ὀδιαφθαρείη.
714 1716 796 1768 καὶ
822 1716 942 1768 τάδε
968 1737 1050 1768 τοι
1087 1716 1334 1769 ἐκέλευσε
1369 1715 1542 1777 εἶπεῖν,
1573 1716 1635 1783 ἢν
1667 1717 1736 1783 μὴ
1765 1718 1905 1771 ἀπο-

316 1795 510 1861 κτείνῃς
544 1794 684 1852 αὗτὸ,
714 1793 853 1845 ἀλλά
886 1813 984 1864 τεῳ
1020 1797 1194 1865 τρόπῳ
1227 1793 1558 1864 περιποιὴσῃ,
1589 1794 1791 1867 ὀλέθρῳ
1828 1800 1910 1869 τῷ

317 1871 540 1942 κακίστῳ
563 1892 619 1923 τε
663 1868 1058 1940 διαχρήσεσθαι·
1105 1872 1293 1942 ἐπορᾶν
1323 1872 1380 1925 δὲ
1417 1872 1700 1940 ἐκκείμενον
1725 1874 1904 1926 διατέ-

188 1946 297 2000 111
317 1968 501 2017 ταγμαι
543 1943 703 2016 ἐγώ.”
942 1952 1112 2001 Ταῦτα
1151 1947 1375 2004 ἀκούσας
1413 1952 1442 2002 ὁ
1494 1953 1770 2014 βουκόλος,
1816 1954 1908 2005 καὶ

315 2024 588 2088 ἀναλαβὼν
625 2024 685 2077 τὸ
722 2026 925 2079 παιδίον
976 2029 1060 2093 ἤϊε
1099 2026 1191 2093 τὴν
1230 2026 1384 2094 αὐτὴν
1421 2028 1592 2080 ὀπίσω
1633 2028 1770 2089 ὁδὸν,
1817 2033 1910 2084 καὶ

277 2102 599 2156 Ξάπικνέεται
636 2102 688 2156 ἐς
713 2102 805 2169 τὴν
830 2105 1063 2156 ἔπαυλιν.
1106 2108 1178 2175 τῷ
1205 2103 1250 2157 δ’
1277 2104 1375 2174 ἄρα
1410 2106 1494 2157 καὶ
1527 2106 1662 2178 αὐτῷ
1687 2105 1718 2172 ἡ
1743 2108 1902 2176 γυνὴ,

316 2180 489 2247 ἐπίτεξ
511 2181 670 2233 ἐοῦσα
684 2182 855 2233 πᾶσαν
871 2180 1076 2250 ἡμέρην,
1095 2184 1211 2233 τότε
1232 2202 1330 2235 κως
1350 2184 1474 2235 κατὰ
1491 2183 1703 2250 δαίμονα
1716 2186 1902 2247 τίκτει,

315 2258 584 2329 οἷχομένου
611 2260 703 2310 τοῦ
728 2259 988 2321 βουκόλου
1027 2259 1079 2313 ἐς
1103 2262 1276 2312 πόλιν.
1319 2257 1454 2325 ἦσαν
1481 2261 1537 2313 δὲ
1572 2262 1628 2313 ἐν
1652 2262 1904 2331 φροντίδι

314 2338 599 2405 ἀμφότεροι
625 2333 869 2403 ἀλλῆλων
893 2336 1030 2405 πέρι·
1076 2339 1104 2389 ὁ
1130 2337 1240 2404 μὲν,
1263 2340 1356 2390 τοῦ
1374 2340 1525 2390 τόκου
1550 2340 1642 2405 τῆς
1657 2344 1904 2409 γυναικὸς

314 2414 599 2481 ἀρρωδέων·
643 2412 672 2478 ἡ
701 2413 757 2465 δὲ
781 2413 925 2483 γυνὴ,
956 2413 987 2465 ὅ
1012 2434 1062 2465 τι
1088 2414 1179 2466 οὐκ
1207 2415 1375 2469 ἐωθὼς
1400 2418 1428 2467 ὁ
1447 2414 1711 2485 Ἀρπαγος
1737 2440 1900 2485 μετα-

267 2498 296 2542 3
316 2490 578 2556 πέμψαιτο
624 2490 777 2555 αὐτῆς
817 2492 907 2542 τὸν
948 2490 1125 2559 ἄνδρα.
1189 2492 1302 2545 ἐπεί
1339 2513 1395 2545 τε
1431 2493 1487 2545 δὲ
1528 2493 1904 2563 ἀπονοστήσας

315 2564 522 2629 ἐπέστη,
552 2561 635 2617 υἷα
660 2566 719 2630 ἐξ
744 2566 977 2618 ἀέλπτου
1013 2567 1196 2621 ἰδοῦσα
1229 2568 1258 2635 ἦ
1284 2569 1429 2640 γυνὴ,
1457 2567 1621 2641 ε’ίρετο
1647 2575 1898 2647 προτέρη,
