1975 2892
448 139 980 188 ΕΥΤΕΡΠΗ.-ῙΙ.
1017 134 1246 187 162-168.
1523 129 1637 184 211

46 209 117 246 Οἱ.
140 207 205 247 46.
225 207 361 248 3—52·
380 207 439 254 8.]

46 263 222 311 αὐτῶν
262 263 523 311 καλέονται
566 259 659 326 μὲν
712 256 1022 328 Καλασίριές
1061 279 1118 311 τε
1159 261 1240 312 καὶ
1283 257 1634 329 Ἑρμοτύβιες·

48 339 109 388 ἐκ
139 342 307 405 νομῶν
333 337 389 390 δὲ
424 337 580 389 τῶνδε
606 336 729 389 εἶσί.
774 337 900 388 κατὰ
938 337 1038 407 γὰρ
1075 337 1136 402 δὴ
1173 337 1356 405 νομοὺς
1381 335 1641 408 Αἴγυπτος

44 417 234 467 ἅπασα
281 414 612 484 διαραίρηται.
848 413 1202 483 Ἑρμοτυβίων
1245 416 1338 483 μὲν
1383 413 1489 468 οἵδε
1535 415 1640 468 εἶσὶ
1661 415 1774 471 165

46 493 221 559 νομοί·
254 493 573 563 Βουσιρίτης,
596 487 792 560 Σαΐτης,
815 492 1088 560 Χεμμίτης,
1112 492 1461 563 Παπρημίτης,
1482 497 1638 560 νῆσος

44 570 81 637 ἡ
115 573 445 641 Προσωπῖτις
465 570 758 638 καλεομένη,
782 569 937 624 Nae&
956 571 1016 622 τὸ
1037 569 1216 638 ἥμισυ.
1257 571 1312 622 ἐκ
1336 571 1429 638 μὲν
1447 570 1642 626 τούτων

44 653 159 701 τῶν
202 653 367 716 νομῶν
398 645 731 717 Ἑρμοτύβιες
766 647 889 700 εἶσί·
932 651 1213 718 γενόμενοι,
1247 647 1334 700 ὅτε
1369 649 1452 702 ἐπὶ
1486 650 1636 702 πλεί-

46 747 216 780 στους
241 725 491 796 γενοίατο,
522 725 780 779 ἑκκαίδεκα
804 726 1060 796 μυριάδες.
1104 726 1185 778 καὶ
1221 723 1414 778 τούτων
1447 729 1637 792 βαναυ-

66 800 190 866 σίης
216 799 381 854 οὐδεὶς
406 800 615 866 δεδάηκε
640 799 804 864 οὐδὲν,
832 800 949 852 ἀλλ’
979 798 1206 853 ἀνέονται
1234 800 1285 854 ἐς
1309 797 1369 852 τὸ
1396 800 1636 869 μάχιμον.

65 878 399 948 Καλασιρίων
434 878 489 930 δὲ
526 875 631 931 οἵδε
670 878 824 930 ἄλλοι
859 878 1005 947 νομοί
1038 879 1159 931 εἶσι·
1229 880 1472 947 Θηβαῖος,
1509 887 1638 932 Βου-
1662 883 1776 938 166

60 957 339 1025 βαστίτης,
383 956 650 1026 Ἀφθίτης,
695 957 923 1025 Τανίτης,
964 955 1273 1025 Μενδῆσιος,
1316 958 1638 1028 Σεβεννύτης,

44 1035 373 1106 Ἀθριβίτης,
410 1033 770 1104 Φαρβαιθίτης,
810 1027 1082 1099 Θμουΐτης,
1117 1031 1443 1102 Ὀνουφίτης,
1487 1032 1634 1086 Ἀνύ-

48 1135 193 1174 σιος,
236 1112 614 1182 Μυεκφορίτης·
683 1109 833 1166 οὗτος
885 1114 914 1164 ὁ
961 1112 1115 1178 νομὸς
1166 1110 1222 1163 ἐν
1273 1108 1414 1183 νήσῳ
1467 1110 1636 1176 οἰκέει,

44 1191 231 1247 ἀντίον
249 1191 568 1253 Βουβάστιος
586 1191 787 1244 πόλιος.
830 1187 971 1242 οὗτοι
993 1189 1049 1242 δὲ
1069 1189 1118 1241 οἱ
1145 1189 1289 1256 νομοὶ
1311 1188 1638 1260 Καλασιρίων
1657 1205 1682 1244 2

46 1270 181 1324 εἶσί·
224 1271 503 1340 γενόμενοι,
532 1266 618 1320 ὅτε
658 1267 742 1320 ε’πὶ
778 1268 1062 1322 πλείστους
1095 1266 1344 1338 ε’γενέατο,
1373 1267 1524 1321 πέντε
1559 1269 1640 1320 καὶ

45 1347 227 1402 εἴκοσι
263 1347 501 1417 μυριάδες
540 1345 752 1415 ἀνδρῶν.
816 1345 933 1399 οὐδὲ
972 1343 1206 1398 τούτοισι
1244 1345 1419 1410 ἔξεστι
1459 1345 1641 1412 τέχνην

46 1427 351 1492 ἐπασκῆσαι
392 1423 645 1491 οὐδεμίαν,
687 1423 826 1476 ἀλλὰ
866 1424 929 1476 τὰ
969 1423 1022 1478 ἐς
1059 1424 1289 1489 πόλεμον
1328 1422 1643 1476 ἐπασκέουσι

45 1507 241 1575 μοῦνα,
267 1503 385 1555 παῖς
410 1501 549 1572 παρὰ
572 1503 763 1572 πατρὸς
791 1501 1130 1569 ἐκδεκόμενος.
1348 1499 1411 1552 Εἰ
1436 1500 1530 1568 μέν
1556 1521 1642 1552 νυν
1663 1495 1780 1556 167

46 1583 145 1636 καὶ
171 1583 325 1633 τοῦτο
358 1577 475 1650 παρ’
504 1578 795 1650 Αἰγυπτίων
828 1576 1150 1647 μεμαθήκασι
1177 1579 1226 1630 οἶ
1252 1576 1522 1644 Ἕλληνες,
1551 1578 1643 1630 οὐκ

44 1664 165 1730 ἔχω
192 1657 437 1729 ἀτρεκέως
463 1659 642 1727 κρῖναι·
688 1658 846 1728 ὀρέων
873 1657 955 1709 καὶ
982 1654 1202 1725 Θρήϊκας
1228 1656 1309 1708 καὶ
1344 1653 1536 1711 Σκύθας
1562 1656 1644 1709 καὶ

45 1737 274 1808 Πέρσας
300 1737 381 1788 καὶ
407 1735 619 1796 Λυδοὺς,
644 1737 725 1788 καὶ
752 1736 943 1804 σχεδὸν
967 1736 1159 1789 πάντας
1183 1733 1303 1789 τοὺς
1327 1735 1642 1805 βαρβάρους,

47 1813 459 1884 ἀποτιμοτέρους
484 1819 585 1866 τῶν
604 1813 781 1866 ἄλλων
807 1811 1083 1883 ἡγημένους
1108 1813 1392 1881 πολιητέων
1411 1811 1529 1867 τοὺς
1555 1815 1646 1869 τὰς

48 1895 247 1963 τέχνας
270 1891 628 1960 μανθάνοντας,
657 1895 739 1944 καὶ
764 1891 882 1946 τοὺς
918 1891 1156 1962 ἐκγόνους
1189 1888 1400 1945 τούτων·
1444 1891 1562 1947 τοὺς
1588 1893 1642 1945 δὲ
1664 1904 1690 1944 2

46 1970 491 2040 ἀπαλλαγμένους
531 1974 631 2022 τῶν
669 1969 1054 2040 χειρωναξιέων,
1083 1970 1342 2040 γενναίους
1381 1971 1642 2039 νομιζομέ-

48 2071 183 2108 νους
209 2041 351 2108 εἶναι,
381 2049 464 2100 καὶ
494 2048 725 2116 μάλιστα
749 2046 867 2102 τοὺς
895 2048 946 2102 ἐς
972 2049 1062 2100 τὸν
1086 2050 1314 2116 πόλεμον
1340 2047 1643 2115 ἀνειμένους.

48 2124 387 2201 μεμαθήκασι
412 2122 455 2178 δ’
476 2125 547 2178 ὧν
570 2129 723 2178 τοῦτο
748 2127 930 2179 πάντες
950 2127 1000 2177 οἱ
1017 2123 1288 2191 Ἕλληνες,
1311 2125 1393 2177 καὶ
1417 2127 1648 2193 μάλιστα

49 2205 469 2272 Λακεδαιμόνιοι.
511 2203 695 2272 ἥκιστα
722 2203 777 2256 δὲ
814 2202 1074 2272 Κορίνθιοι
1107 2201 1304 2255 ὄνονται
1329 2202 1449 2257 τοὺς
1473 2224 1645 2272 χειρο-

46 2286 267 2354 τέχνας.
508 2282 665 2351 Γέρεα
691 2281 749 2334 δέ
774 2282 879 2349 σφι
902 2278 964 2348 ἦν
990 2281 1110 2332 τάδε
1137 2279 1499 2349 ἐξαραιρημένα
1523 2277 1647 2346 μού-
1672 2277 1787 2330 168

48 2382 206 2421 νοισι
247 2358 539 2430 Αἶγυπτίων
576 2359 740 2428 πάρεξ
778 2364 879 2411 τῶν
919 2358 1082 2428 ἱρέων·
1151 2357 1360 2428 ἄρουραι
1401 2357 1650 2426 ἐξαίρετοι

48 2439 296 2498 δυώδεκα
336 2439 534 2510 ἑκάστῳ
574 2437 797 2490 ἀτελέες.
838 2435 869 2502 ἡ
912 2437 966 2489 δὲ
1001 2435 1194 2505 ἄρουρα
1233 2436 1410 2488 ἑκατὸν
1446 2434 1652 2503 πηχέων
1673 2454 1698 2494 2

51 2519 187 2575 ἐστὶ
211 2515 501 2583 Αἰγυπτίων
525 2516 707 2581 πάντη.
750 2516 779 2564 ὁ
816 2514 871 2566 δὲ
897 2512 1174 2584 Αἷγῦπτιος
1208 2515 1378 2581 πῆχυς
1411 2514 1653 2582 τυγχάνει

52 2597 188 2655 ἶσος
216 2594 313 2647 ε’ὼν
337 2595 409 2666 τῷ
436 2593 623 2664 Σαμίῳ.
666 2595 824 2644 ταῦτα
857 2592 949 2659 μὲν
984 2591 1046 2658 δὴ
1081 2593 1220 2643 τοῖσι
1247 2591 1412 2644 ἅπασι
1436 2587 1499 2658 ἦν
1533 2592 1647 2659 ἐξα·
1675 2607 1700 2648 8
