1975 2892
262 117 376 174 392
843 127 1251 172 ΗΡοΛοΤογ
1906 0 1953 251 ι

1568 187 1639 235 [Α
1672 188 1709 225 c
1738 197 1775 226 α.
1794 187 1855 226 606

263 241 426 312 ἱροῖσι
477 239 690 294 ἐνθαῦτα
739 243 944 308 πρῶτον
994 238 1253 308 γενέσθω·
1326 245 1488 307 κάρτα
1539 246 1663 310 γὰρ
1719 248 1859 308 ταύτῃ

263 317 512 389 χρέωνται
537 319 588 370 αἱ
617 317 900 382 Λίβυσσαι,
931 318 1013 370 καὶ
1038 317 1287 386 χρέωνται
1315 319 1501 370 καλῶς.
1600 321 1714 371 Καὶ
1754 322 1861 372 τέσ-

265 417 421 468 σερας
461 393 647 452 ἵππους
687 393 1019 464 συζευγνύναι
1062 397 1201 463 παρὰ
1248 393 1452 457 Λιβύων
1494 397 1547 446 οἶ
1602 396 1863 464 Ἕλληνες

137 474 254 531 190
266 473 609 542 μεμαθὴκασι.
851 475 1120 526 Θάπτουσι
1162 473 1217 525 δὲ
1257 473 1377 526 τοὺς
1428 473 1865 540 ἀποθνήσκοντας

267 554 317 607 οἱ
369 554 580 620 νομάδες
632 553 852 621 κατάπερ
902 553 954 602 οἶ
997 550 1267 617 Ἕλληνες,
1312 551 1445 618 πλὴν
1494 556 1861 620 Νασαμώνων.

267 630 410 686 οὗτοι
461 631 517 684 δὲ
571 631 873 700 κατημένους
925 628 1199 681 θάπτουσι·
1259 631 1663 698 φυλάσσοντες,
1718 633 1867 685 ἐπεὰν

269 709 392 776 ἀπίῃ
422 708 514 776 τὴν
537 709 738 780 ψυχὴν,
767 709 894 762 ὅκως
927 729 1015 774 μιν
1042 708 1332 766 κατίσουσι,
1359 705 1543 774 μηδε”
1512 729 1710 763 υπτιος
1740 711 1862 762 ἀπο-

229 796 257 838 2
271 786 518 841 θανέεται.
603 787 859 854 Οικὴματα
893 787 949 838 δὲ
987 784 1260 852 σύμπηκτα
1300 785 1358 851 ἐξ
1398 784 1688 855 άνθερικων
1726 789 1863 857 ε’νερ-

269 867 432 932 μένων
485 887 602 935 περι
653 866 897 934 σχοίνους
955 864 1090 924 ἐστὶ,
1147 885 1229 916 και
1288 867 1445 916 ταῦτα
1502 867 1863 936 περιφορητά.

273 945 476 1011 νόμοισι
500 943 591 1010 μὲν
617 941 898 996 τοιούτοισι
925 941 1067 994 ουτοι
1093 941 1360 1010 χρέωνται.

145 1021 254 1077 191
344 1021 416 1073 Τὸ
465 1021 521 1073 δε
572 1018 703 1090 πρός
753 1019 970 1089 ἑσπέρης
1020 1022 1112 1071 τοῦ
1156 1019 1406 1088 Τρίτωνος
1448 1022 1714 1086 ποταμοῦ,
1764 1021 1862 1073 Αύ-

273 1096 406 1153 σέων
455 1101 658 1168 ἔχονται
709 1099 949 1167 ἀροτῆρες
995 1100 1087 1166 ἤδη
1136 1101 1337 1160 Λίβυες,
1382 1117 1461 1148 και
1506 1098 1675 1153 οἰκίας
1726 1100 1863 1165 νομί-

276 1173 446 1238 ζοντες
488 1171 750 1239 ἐκτῆσθαι,
793 1175 932 1225 τοῖσι
973 1177 1165 1240 οὔνομα
1211 1173 1373 1226 κέεται
1414 1174 1643 1239 Μάξυες·
1710 1173 1764 1228 οἳ
1806 1178 1865 1228 τὰ

277 1249 504 1318 ἔπιδεξιὰ
529 1255 629 1302 τῶν
655 1250 924 1319 κεφαλέων
957 1253 1205 1317 κομόωσι,
1232 1252 1297 1303 τὰ
1333 1251 1375 1304 δ’
1406 1252 1729 1323 ἐπαριστερὰ
1759 1255 1858 1306 κεί-

238 1343 266 1385 2
279 1341 449 1400 ρουσι·
484 1329 544 1382 τὸ
572 1329 626 1383 δὲ
654 1333 803 1396 σῶμα
828 1328 1061 1396 χρίονται
1088 1330 1271 1401 μίλτῳ.
1311 1331 1449 1398 φασὶ
1476 1331 1531 1382 δὲ
1558 1329 1711 1384 οὗτοι
1739 1327 1863 1385 εἶναι

279 1413 380 1461 τῶν
407 1408 462 1461 ἐκ
486 1408 667 1477 Τροίης
693 1407 905 1478 ἀνδρῶν.
951 1406 1021 1460 Ἦ
1050 1408 1106 1460 δὲ
1131 1409 1273 1477 χώρη
1300 1405 1423 1474 αὕτη
1450 1429 1505 1460 τε
1532 1410 1614 1460 καὶ
1644 1408 1677 1476 ἦ
1706 1411 1861 1477 λοιπὴ

279 1488 370 1555 τῆς
410 1484 603 1552 Λιβύης
641 1485 670 1552 ἦ
711 1487 840 1555 πρὸς
879 1485 1120 1555 ἑσπέρην,
1158 1487 1341 1558 πολλῷ
1383 1485 1767 1558 θηριωδεστέρη
1810 1510 1862 1540 τε

241 1565 364 1620 ικαὶ
391 1564 643 1634 δασυτέρη
681 1564 794 1616 ἐστὶ
829 1565 919 1631 τῆς
952 1569 1056 1616 τῶν
1092 1564 1319 1629 νομάδων
1344 1566 1532 1632 χώρης.
1579 1563 1608 1631 ἡ
1638 1569 1737 1632 μὲν
1760 1567 1861 1637 γὰρ

283 1643 344 1710 δὴ
383 1643 513 1713 πρὸς
549 1642 643 1711 τὴν
681 1639 752 1710 ἧῶ
791 1643 882 1709 τῆς
909 1640 1120 1707 Λιβύης.
1148 1641 1241 1709 τὴν
1280 1663 1327 1694 οι
1369 1644 1582 1708 νομάδες
1622 1644 1858 1711 νέμουσι,

283 1723 398 1775 εστι
441 1718 648 1788 ταπεινή
694 1741 750 1772 τε
796 1722 878 1772 καὶ
921 1721 1229 1818 ψαμμώδης,
1270 1720 1422 1790 μέχρι
1468 1724 1559 1772 τοῦ
1606 1723 1862 1792 Τρίτωνος

284 1802 531 1866 ποταμοῦ·
596 1797 626 1865 ἦ
670 1799 724 1851 δὲ
767 1798 868 1851 άπὸ
907 1795 1093 1850 τούτου
1131 1801 1189 1850 τὸ
1228 1800 1358 1867 πρὸς
1398 1799 1637 1867 ἑσπέρης,
1685 1823 1715 1866 η
1762 1807 1862 1852 τῶν

244 1890 269 1930 4
285 1875 560 1948 ἀροτήρων,
589 1875 755 1947 ὄρεινη
782 1897 840 1928 τε
867 1878 1024 1946 κάρτα
1050 1897 1133 1928 και
1160 1876 1321 1928 δασέα
1348 1877 1428 1927 καὶ
1455 1875 1729 1946 θηριώδης.
1780 1879 1861 1930 καὶ

283 1957 384 2026 γὰρ
410 1957 459 2008 οἱ
485 1954 633 2024 ὄφιες
659 1957 708 2006 οἱ
737 1953 1104 2025 ὑπερμεγάθεες
1140 1975 1221 2006 και
1256 1976 1306 2006 οι
1341 1954 1545 2008 λέοντες
1584 1958 1714 2007 κατὰ
1738 1955 1857 2008 τού-

284 2056 404 2089 τους
429 2032 551 2092 εἶσὶ.
582 2032 664 2084 καὶ
699 2033 748 2084 οἱ
786 2032 1067 2102 ἐλέφαντές
1100 2053 1158 2084 τε
1194 2032 1275 2084 καὶ
1312 2032 1505 2101 ἄρκτοι,
1534 2035 1617 2085 καὶ
1643 2034 1863 2088 ἀσπίδες

284 2135 342 2168 τε
369 2113 450 2166 καὶ
476 2111 582 2164 ὄνοι
609 2112 658 2164 οἶ
683 2111 746 2162 τὰ
774 2110 919 2180 κέρεα
945 2111 1165 2178 ἔχοντες·
1209 2112 1291 2162 καὶ
1318 2112 1366 2162 οἱ
1394 2113 1758 2179 κυνοκέφαλοι,
1784 2113 1863 2165 καὶ

285 2193 336 2245 οἱ
363 2192 616 2261 ἀκέφαλοι
641 2190 690 2242 οἱ
719 2189 772 2241 ἐν
797 2191 938 2241 τοῖσι
974 2186 1195 2254 στήθεσι
1231 2189 1349 2242 τοὺς
1376 2188 1684 2257 ὀφθαλμοὺς
1712 2193 1859 2258 ἔχον-

285 2291 386 2327 τες,
405 2270 473 2322 ὧς
501 2267 559 2333 δὴ
587 2267 826 2336 λέγονταί
849 2288 909 2336 γε
930 2266 1029 2317 ὑπὸ
1046 2265 1267 2329 Λιβύων,
1288 2268 1369 2318 καὶ
1390 2268 1438 2318 οἱ
1465 2267 1635 2334 ἄγριοι
1662 2269 1860 2339 ἄνδρες,

285 2346 366 2396 καὶ
390 2346 619 2411 γυναῖκες
644 2344 831 2412 ἄγριαι,
861 2345 942 2395 καὶ
969 2343 1110 2393 ἄλλα
1133 2342 1323 2409 πλήθεΐ
1354 2346 1531 2396 πολλὰ
1559 2344 1713 2413 θηρία
1740 2347 1861 2398 ἀκα-

152 2417 264 2468 192
281 2420 573 2485 τάψευστα.
814 2421 953 2470 Κατὰ
989 2418 1109 2472 τοὺς
1147 2421 1386 2485 Νομάδας
1420 2421 1480 2472 δέ
1510 2421 1629 2474 ε’στι
1666 2421 1866 2476 τούτων

279 2493 442 2550 οὐδὲν,
479 2493 599 2544 ἀλλ’
636 2495 775 2546 ἅλλα
813 2497 1001 2546 τοιάδε·
1046 2493 1317 2564 πύγαργοι,
1356 2498 1439 2548 καὶ
1480 2499 1743 2566 ζορκάδες,
1782 2503 1865 2553 καὶ

273 2569 573 2634 βουβάλιες,
616 2571 700 2622 καὶ
744 2569 870 2632 ὄνοι,
915 2571 1007 2622 οὐκ
1052 2573 1103 2623 οἱ
1149 2574 1213 2624 τὰ
1257 2572 1405 2642 κέρεα
1446 2575 1673 2643 ἔχοντες,
1722 2579 1867 2632 ἀλλὰ
