1975 2892
616 131 923 179 eAAEIA.
927 139 1104 177 —111.
1140 141 1223 193 53-
1228 141 1313 195 57.
1640 128 1752 182 251

161 195 501 321 ἓίτοῗιόέκεον
535 250 724 319 Σάμον.
779 234 1173 321 προσβαλόντες
1211 252 1266 305 δὲ
1305 252 1435 322 πρὸς
1469 252 1531 305 τὸ
1566 254 1757 321 τεῖχος,

158 332 262 381 τοῦ
286 330 380 397 μὲν
404 330 534 399 πρὸς
561 328 864 397 θαλάσσῃο
837 334 1091 385 εστεῶτος
1124 326 1325 401 πύργου
1352 330 1479 383 κατὰ
1506 332 1567 383 τὸ
1593 331 1757 401 προά-

163 428 348 460 στειον
375 409 464 475 τῆς
487 410 674 462 πόλιος
708 407 1055 474 ὑπερέβησαν·
1099 408 1227 476 μετὰ
1264 408 1338 468 δὲ,
1368 408 1525 461 αὐτοῦ
1560 406 1757 475 βοηθή-

158 506 359 539 σαντος
385 486 745 556 Πολυκράτεος
778 487 916 556 χειρὶ
949 487 1146 553 πολλῇ,
1176 484 1576 552 ἀπηλάσθησαν.
1633 485 1757 539 κατὰ
1771 497 1798 539 8

158 562 222 615 δὲ
266 565 356 616 τὸν
394 563 561 617 ἐπάνω
602 561 818 633 πύργον,
848 565 937 617 τὸν
977 562 1062 617 ἐπὶ
1102 566 1191 632 τῆς
1228 562 1411 634 ῥάχιος
1448 567 1541 616 τοῦ
1582 567 1756 635 οὔρεος

158 640 398 701 ἐπεόντα,
429 640 716 708 ἐπεξῆλθον
750 638 806 694 οἵ
839 663 896 694 τε
932 641 1193 712 ἐπίκουροι
1233 642 1315 694 καὶ
1356 641 1521 695 αὐτῶν
1556 643 1757 710 Σαμίων

157 719 372 788 συχνοί·
431 720 698 788 δεξάμενοι
738 719 795 772 δὲ
834 719 955 775 τοὺς
994 719 1420 787 Λακεδαιμονίους
1460 718 1539 774 ἐπ’
1573 720 1755 791 ὀλίγον

155 800 373 867 χρόνον,
417 798 642 868 ἔφευγον
680 797 873 851 ὀπίσω·
923 800 974 851 οἱ
1015 798 1090 859 δὲ,
1134 798 1470 866 ἐπισπόμενοι
1508 800 1749 851 ἔκτεινον.

163 874 234 925 Εἴ
283 872 378 942 μέν
423 894 513 927 νυν
557 874 606 926 οί
648 874 921 943 παρεόντες
965 871 1368 939 Λακεδαιμονίων
1412 874 1578 941 ὁμοῖοι
1626 873 1737 944 ἐγέ.
1770 876 1845 931 55

165 973 316 1006 νοντο
360 950 546 1021 ταύτην
583 952 675 1021 τὴν
715 952 904 1023 ἡμέρην
945 950 1127 1021 Ἀρχίῃ
1169 971 1227 1004 τε
1266 952 1349 1004 καὶ
1383 954 1619 1020 Λυκώπῃ,
1660 954 1738 1005 αἶ-

165 1032 292 1103 ρέθη
329 1030 390 1085 ἂν
425 1034 609 1102 Σάμος.
689 1030 899 1103 Ἀρχίης
927 1030 1029 1101 γὰρ
1060 1031 1141 1083 καὶ
1169 1029 1412 1097 Λυκώπης
1435 1034 1614 1100 μοῦνοι
1640 1054 1735 1085 συ-
1765 1038 1792 1079 ²

167 1113 510 1167 νεσπεσόντες
561 1110 818 1182 φεύγουσι
862 1110 915 1166 ἐς
957 1110 1018 1163 τὸ
1064 1112 1235 1178 τεῖχος
1286 1112 1425 1163 τοῖσι
1479 1111 1734 1179 Σαμίοισι,

155 1186 243 1238 καὶ
285 1186 716 1254 άποκληῖσθέντες
758 1190 848 1256 τῆς
890 1188 1063 1242 ὀπίσω
1108 1188 1249 1249 ὁδοῦ,
1294 1188 1547 1243 ἀπέθανον
1589 1189 1644 1243 ἐν
1682 1193 1747 1258 τῇ

151 1266 282 1317 πόλι
310 1266 373 1333 τῇ
401 1264 616 1332 Σαμίων.
661 1266 816 1339 τρίτῳ
846 1266 900 1321 δὲ
927 1266 1013 1321 ἀπ’
1041 1265 1263 1338 Ἀρχίεω
1298 1264 1483 1320 τούτου
1508 1270 1743 1338 γεγονότι
1762 1274 1787 1314 ⁸

155 1342 308 1414 ἄλλῳ
334 1341 536 1413 Ἀρχίῃ,
566 1348 639 1416 τῷ
664 1346 854 1414 Σαμίου
890 1349 984 1398 τοῦ
1009 1344 1248 1415 Ἀρχίεω,
1278 1346 1431 1400 αὐτὸς
1468 1346 1523 1398 ἐν
1549 1346 1742 1411 Πιτάνῃ

157 1423 518 1491 συνεγενόμην·
565 1420 725 1491 δήμου
760 1424 862 1494 γὰρ
898 1420 1085 1476 τούτου
1120 1420 1198 1489 ἦν·
1244 1420 1301 1477 ὃς
1335 1423 1515 1489 ξείνων
1540 1423 1744 1477 πάντων

149 1500 385 1567 μάλιστα
411 1500 557 1568 ἐτίμα
582 1522 638 1553 τε
665 1501 900 1569 Σαμίους,
931 1500 1015 1553 καί
1050 1502 1100 1554 οἱ
1135 1501 1207 1573 τῷ
1240 1502 1397 1571 πατρὶ
1423 1501 1525 1569 ἔφη
1555 1501 1742 1568 Σάμιον

150 1579 377 1646 τοῦνομα
411 1576 630 1645 τεθῆναι,
661 1578 741 1631 ὅτι
777 1579 827 1631 οἱ
864 1581 893 1631 ὁ
927 1577 1096 1648 πατὴρ
1122 1576 1333 1649 Ἀρχίης
1370 1578 1423 1631 ἐν
1450 1578 1598 1650 Σάμῳ
1626 1578 1737 1649 ἄρι-

153 1653 382 1711 στεύσας
409 1654 730 1724 ἐτελεύτησε·
764 1658 914 1725 τιμᾶν
941 1656 997 1709 δὲ
1025 1656 1242 1724 Σαμίους
1268 1658 1391 1725 ἔφη,
1410 1656 1542 1709 διότι
1568 1657 1736 1725 ταφῆ-

151 1733 237 1787 ναί
276 1734 326 1786 οἱ
364 1735 454 1787 τὸν
494 1736 704 1789 πάππον
745 1734 964 1803 δημοσίῃ
1006 1735 1106 1788 ὑπὸ
1147 1734 1365 1803 Σαμίων.
1576 1742 1734 1788 Λακε·
1756 1737 1835 1792 56

152 1812 402 1879 δαιμόνιοι
443 1812 517 1875 δὲ,
549 1814 616 1867 ὥς
656 1814 761 1883 σφι
801 1814 1185 1883 τεσσεράκοντα
1220 1814 1529 1885 ἐγεγόνεσαν
1555 1811 1740 1885 ἡμέραι

149 1889 516 1960 πολιορκέουσι
544 1892 728 1959 Σάμον,
753 1892 803 1947 ἐς
831 1893 890 1945 τὸ
917 1894 1102 1963 πρόσω
1129 1913 1187 1945 τε
1214 1892 1362 1945 οὐδὲν
1387 1894 1733 1963 προεκόπτετο

150 1972 253 2021 τῶν
286 1970 612 2040 πρηγμάτων,
642 1970 1057 2025 ἀπαλλάσσοπο
1100 1971 1152 2027 ἐς
1188 1974 1609 2039 Πελοπόννησον.
1668 1971 1735 2025 ὧς
1751 1982 1777 2023 2

150 2046 208 2099 δὲ
244 2049 272 2099 ὅ
307 2049 638 2118 ματαιότερος
675 2050 836 2118 λόγος
877 2049 1119 2119 ὥρμηται,
1154 2049 1361 2120 λέγεται
1398 2050 1736 2120 Πολυκράτεα

149 2124 424 2196 ἐπιχώριον
443 2128 667 2194 νόμισμα
693 2127 927 2197 κόψαντα
953 2128 1157 2179 πολλὸν
1181 2127 1457 2194 μολίβδου,
1480 2148 1732 2196 καταχρυ-

151 2203 395 2256 σώσαντα
441 2204 616 2257 δοῦναί
660 2205 784 2274 σφι·
844 2203 964 2257 τοὺς
1012 2204 1069 2257 δὲ
1116 2203 1438 2272 δεξαμένους,
1488 2201 1621 2257 οὕτω
1670 2203 1732 2271 δὴ

149 2280 610 2335 ἀπαλλάσσεσθαι.
691 2280 888 2349 Ταύτην
939 2282 1145 2351 πρώτην
1201 2276 1477 2352 στρατηίην
1530 2282 1583 2336 ἐς
1643 2279 1733 2348 τὴν

150 2357 329 2425 Ἀσίην
355 2360 736 2427 Λακεδαιμόνιοι
765 2360 983 2429 Δωριέες
1012 2359 1340 2427 ἐποιήσαντο.

235 2434 297 2483 Οί
337 2432 382 2485 δ’
427 2435 510 2488 ἐπὶ
555 2437 646 2490 τὸν
697 2438 1031 2509 Πολυκράτεα
1084 2438 1517 2510 στρατευσάμενοι
1569 2442 1721 2511 Σαμί-
1747 2439 1824 2501 57

155 2531 239 2571 ων,
277 2512 386 2565 ἐπεὶ
421 2515 472 2566 οἷ
507 2517 888 2586 Λακεδαιμόνιοι
927 2517 1111 2573 αὖτοὺς
1150 2519 1446 2572 ’ἀπολείπειν
1484 2520 1720 2589 ἔμελλον,

153 2590 234 2643 καὶ
259 2592 404 2648 αὐτοὶ
439 2592 698 2651 ἀπέπλεον
723 2598 776 2653 ἐς
809 2598 1021 2669 Σίφνον·
1064 2598 1335 2670 χρημάτων
1368 2599 1469 2670 γὰρ
1497 2600 1715 2655 ἐδέοντο·
1743 2606 1770 2647 ²
