1975 2892
230 116 307 173 96
820 125 1226 171 ΗΡοΔοΤοΥ
1459 172 1531 221 [Α.
1551 172 1597 211 c.
1617 170 1842 213 546—538.

232 240 375 307 χώρη
411 237 464 292 ἐς
497 235 589 304 τὴν
614 238 827 306 ἤπειρον
849 238 1084 305 τελευτᾷ,
1114 232 1270 302 ταύτῃ
1307 237 1336 288 ὁ
1373 233 1560 303 ἰσθμός
1593 235 1709 287 ἐστι
1736 234 1833 287 τὸν

192 326 217 367 5
232 315 494 387 ὤρυσσον.
538 315 620 367 καὶ
646 313 707 381 δὴ
728 316 904 381 πολλῇ
929 315 1069 385 χειρὶ
1097 312 1442 384 ἐργαζομένων
1461 318 1562 365 τῶν
1581 312 1829 365 Κνιδίων·

230 397 435 462 μᾶλλον
458 393 559 463 γάρ
586 412 637 445 τι
664 394 746 445 καὶ
774 391 1032 462 θειότερον
1059 392 1330 461 ἐφαίνοντο
1366 390 1748 461 τιτρώσκεσθαι
1777 392 1835 443 οἱ

233 472 559 542 ἐργαζόμενοι
594 473 687 523 τοῦ
714 469 913 524 οἰκότος
948 471 1014 523 τά
1048 492 1105 523 τε
1140 469 1281 523 ἄλλα
1319 473 1412 522 τοῦ
1456 471 1713 537 σώματος,
1745 471 1836 522 καὶ

230 552 463 618 μάλιστα
488 548 551 601 τὰ
584 549 703 619 περὶ
737 548 857 602 τοὺς
892 547 1217 617 ὀφθαλμοὺς,
1257 547 1568 617 θραυομένης·
1604 549 1696 614 τῆς
1731 545 1832 600 πέ-

230 640 372 698 τρης·
420 628 646 695 ἔπεμπον
680 626 733 680 ἐς
768 626 1012 695 Δελφοὺς
1055 625 1377 696 θεοπρόπους
1413 625 1836 696 ἐπερησομένους

193 706 292 758 orb
319 704 572 771 ἀντίξοον.
616 704 645 771 ἦ
674 704 731 757 δὲ
757 702 923 771 Πυθίη
954 705 1078 774 σφι,
1102 704 1170 758 ὦς
1196 704 1342 757 αὐτοὶ
1362 703 1556 757 Κνίδιοι
1581 704 1830 773 λέγουσι,

233 786 335 853 χρᾷ
362 783 416 836 ἐν
442 782 691 854 τριμέτρῳ
716 785 848 855 τόνῳ
873 782 1012 835 τάδε·

427 870 617 931 Ἰσθμὸν
639 872 691 919 δὲ
711 872 777 929 μὴ
799 872 1057 931 πυργοῦτε,
1079 872 1188 929 μήδ’
1211 870 1454 932 ὀρύσσετε·

429 933 542 983 Ζεὺς
565 932 658 993 γάρ
680 934 723 981 κ’
749 932 886 991 ἔθηκε
909 935 1074 991 νῆσον,
1099 935 1148 981 εἴ
1163 934 1206 982 κ’
1231 934 1477 990 ἐβούλετο.

193 1010 431 1069 ῚΚνίδιοι
464 1011 575 1080 μέν,
603 1015 761 1065 ταῦτα
795 1015 885 1080 τῆς
916 1013 1112 1080 Πυθίης
1144 1014 1438 1085 χρησάσης,
1466 1017 1560 1067 τοῦ
1597 1034 1657 1067 τε
1697 1013 1827 1085 ὀρύ-

229 1111 425 1161 γματος
446 1087 756 1144 ἐπαύσαντο·
792 1092 873 1143 καὶ
886 1090 1148 1163 Ἀρπάγῳ,
1169 1092 1360 1145 ἐπιόντι
1382 1092 1480 1145 σὺν
1497 1096 1569 1165 τῷ
1593 1098 1828 1166 στρατῷ,

108 1166 213 1226 175
233 1168 458 1236 ἅμαχητί
484 1169 654 1236 σφεας
680 1167 862 1223 αὐτοὺς
886 1169 1202 1240 παρέδοσαν.
1418 1166 1598 1223 Ἦσαν
1623 1170 1682 1223 δὲ
1709 1178 1828 1238 Πη-

234 1245 418 1299 δασέες
444 1244 700 1300 οῖκοῦντες
726 1246 854 1317 ὑπὲρ
880 1246 1299 1317 Ἀλικαρνησσοῦ
1331 1251 1630 1319 μεσόγαιαν·
1678 1251 1830 1302 τοῖσι

233 1320 363 1377 ὅκως
403 1344 455 1375 τι
494 1322 683 1391 μέλλοι
728 1323 1058 1393 ἀνεπιτήδεον
1103 1325 1339 1392 ἔσεσθαι,
1386 1326 1592 1379 αὐτοῖσί
1634 1348 1694 1379 τε
1737 1328 1829 1381 καὶ
1861 1340 1868 1347 ’

231 1404 373 1453 τοῖσι
397 1401 723 1472 περιοίκοισι,
755 1402 784 1470 ἦ
815 1403 968 1473 ἱερείη
1005 1406 1094 1472 τῆς
1119 1403 1388 1472 Ἀθηναίης
1412 1406 1630 1476 πώγωνα
1656 1402 1830 1476 μέγαν

189 1492 215 1533 2
232 1476 395 1548 ἴσχει.
449 1479 560 1551 τρίς
588 1481 694 1550 σφι
728 1484 881 1534 τοῦτο
909 1480 1130 1553 ἐγένετο.
1187 1480 1328 1535 οὗτοι
1355 1489 1455 1536 τῶν
1480 1482 1599 1554 περὶ
1625 1482 1829 1553 Καρίην

231 1557 427 1627 ἀνδρῶν
460 1558 641 1627 μοῦνοί
676 1580 732 1611 τε
768 1559 1025 1629 ἀντέσχον
1059 1562 1250 1630 χρόνον
1274 1560 1535 1631 Ἀρπάγῳ,
1565 1562 1648 1615 καὶ
1682 1560 1825 1630 πρή-

231 1656 402 1705 γματα
441 1634 709 1705 παρέσχον
745 1637 990 1703 πλεῖστα,
1032 1639 1150 1707 ὅρος
1187 1640 1519 1706 τειχίσαντες,
1559 1642 1632 1712 τῷ
1673 1643 1826 1693 οὔνο-

187 1726 212 1766 8
231 1716 303 1782 μά
337 1715 451 1768 ἐστι
486 1715 628 1782 Λίδη.
710 1713 975 1782 Πηδασέες
1008 1715 1104 1785 μέν
1133 1738 1222 1771 νυν
1253 1719 1424 1789 χρόνῳ
1461 1717 1824 1788 ἐξαιρέθησαν.

99 1780 213 1842 176
236 1784 413 1839 Λύκιοι
448 1788 523 1849 δὲ,
554 1790 623 1845 ὡς
658 1789 711 1844 ἐς
747 1792 805 1842 τὸ
832 1789 1052 1846 Ξάνθιον
1084 1793 1262 1845 πεδίον
1287 1795 1461 1861 ἤλασε
1501 1796 1530 1847 ὁ
1548 1793 1824 1864 Ἅρπαγος

230 1865 321 1916 τὸν
367 1868 607 1935 στρατὸν,
653 1867 962 1935 ὑπεξιόντες,
1013 1870 1096 1922 καὶ
1139 1872 1420 1939 μαχόμενοι
1465 1871 1638 1942 ὀλίγοι
1683 1874 1822 1943 πρὸς

229 1941 482 2002 πολλοὺς,
538 1942 721 2014 ἀρετὰς
771 1946 1154 2005 ἀπεδείκνυντο·
1227 1948 1547 2004 ἑσσωθέντες
1599 1950 1674 2011 δέ,
1733 1952 1822 2003 καὶ

229 2018 606 2086 κατειληθέντες
643 2022 695 2076 ἐς
731 2024 789 2076 τὸ
824 2024 977 2085 ἄστυ,
1009 2024 1300 2094 συνήλισαν
1325 2027 1378 2081 ἐς
1412 2027 1504 2095 τὴν
1530 2028 1819 2098 ἀκρόπολιν

227 2097 319 2152 τάς
344 2118 400 2149 τε
424 2102 662 2169 γυναῖκας
688 2101 771 2153 καὶ
804 2102 871 2154 τὰ
903 2102 1053 2156 τέκνα
1088 2104 1170 2157 καὶ
1203 2104 1268 2157 τὰ
1302 2102 1537 2175 χρήματα
1573 2105 1656 2157 καὶ
1691 2105 1822 2161 τοὺς

226 2174 441 2231 οἰκέτας·
487 2177 569 2230 καὶ
596 2178 768 2232 ἔπειτα
795 2180 1012 2250 ὑπῆψαν
1046 2181 1138 2249 τὴν
1172 2182 1454 2253 ἀκρόπολιν
1484 2186 1660 2236 πᾶσαν
1683 2182 1814 2236 ταῦ-

180 2264 206 2305 2
226 2274 317 2320 την
356 2253 607 2308 καίεσθαι.
663 2260 823 2311 ταῦτα
862 2259 918 2311 δέ
956 2257 1266 2327 ποιήσαντες
1305 2260 1387 2313 καὶ
1428 2263 1817 2329 συνομόσαντες

225 2329 406 2398 ὅρκους
445 2332 654 2394 δεινοὺς,
685 2335 1054 2401 ὑπεξελθόντες
1093 2337 1346 2391 ἀπέθανον
1383 2340 1567 2393 πάντες
1597 2339 1814 2395 Ξάνθιοι

181 2414 205 2454 8
223 2408 522 2472 μαχόμενοι.
566 2416 668 2463 τῶν
704 2412 759 2464 δέ
796 2416 885 2465 νῦν
911 2414 1109 2466 Λυκίων
1135 2415 1377 2484 φαμένων
1403 2416 1633 2471 Ξανθίων
1660 2412 1810 2483 εἶναι,

223 2480 273 2530 οἱ
307 2484 517 2545 πολλοὶ,
545 2487 682 2553 πλὴν
717 2489 1007 2558 ὀγδώκοντα
1046 2493 1268 2555 ἱστιέων,
1299 2493 1404 2546 εἶσὶ
1439 2493 1709 2562 ἐπήλυδες·
1755 2498 1811 2549 αἱ

220 2553 277 2605 δὲ
304 2554 591 2627 ὀγδώκοντα
627 2564 787 2617 ἱστίαι
822 2564 969 2619 αὗται
1005 2568 1190 2637 ἔτυχον
1225 2574 1494 2637 τηνικαῦτα
1527 2572 1805 2641 ἐκδημέου-
