1975 2892
269 92 386 149 236
861 101 1272 147 ΗΡοΔοΤοΥ

1494 151 1627 198 [ΔΛΕ.
1646 151 1881 191 525-522.

171 220 250 273 28
273 216 460 285 σφεας·
501 214 584 267 καὶ
603 213 671 268 ὧς
697 211 1065 283 ψευδομένους,
1090 211 1289 283 θανάτῳ
1310 210 1547 279 ἐζημίου(
1703 210 1875 264 Ἀπο-

271 293 468 347 κτείνας
502 293 556 345 δὲ
594 289 824 353 τούτους,
854 288 1065 360 δεύτερα
1100 289 1220 343 τοὺς
1253 289 1387 359 ἱρέας
1415 290 1595 342 ἐκάλεε
1620 289 1677 345 ἐς
1708 289 1870 359 ὄψιν.

272 372 528 436 λεγόντων
567 370 623 423 δέ
664 371 789 422 κατὰ
828 370 892 421 τὰ
929 368 1059 420 αὐτὰ
1098 373 1199 420 τῶν
1236 368 1401 437 ἱρέων,
1434 368 1496 420 οὐ
1533 366 1732 435 λήσειν
1768 368 1879 437 ἔφη

274 449 445 508 αὐτὸν,
474 447 520 501 εἱ
551 447 667 503 θεός
692 469 770 502 τις
802 444 1075 517 χειροήθης
1100 444 1376 516 ἀπιγμένος
1402 442 1477 512 ε’ίη
1504 444 1877 516 Αἰγιηττίοισι.

191 542 259 582 ⁰2
277 530 504 580 τοσαῦτα
529 527 585 577 δὲ
614 523 773 590 εἴπας,
803 526 1011 595 ἐπάγειν
1036 524 1241 577 ἐκέλευε
1264 524 1355 576 τὸν
1367 520 1527 578 ''An-w
1550 524 1675 579 τοὺς
1709 525 1876 593 ἱρέας·

277 606 329 657 οἱ
354 606 448 673 μὲν
474 604 535 673 δὴ
561 608 790 673 μετῇσαν
813 602 1041 669 ἕξοντες.
1102 601 1163 655 ‘0
1191 601 1249 655 δέ
1262 598 1421 657 ''Ams-
1446 600 1613 663 οὗτος,
1644 605 1675 655 ὅ
1693 601 1881 657 Ἔπα-

279 685 400 752 φος,
421 682 613 752 γίνεται
637 685 838 750 μόσχος
865 681 918 732 ἐκ
937 681 1067 745 βοὸς
1086 679 1196 748 ἥτις
1215 680 1381 732 οὐκέτι
1408 676 1485 747 οἵη
1513 701 1569 733 τε
1595 682 1805 752 γίνεται
1830 683 1886 739 ἐς

239 773 264 813 8
277 760 507 832 γαστέρα
531 759 696 812 ἄλλον
719 758 1017 820 βάλλεσθαι
1042 761 1215 830 γόνον.
1264 757 1532 829 Αἰγύπτιοι
1560 759 1618 811 δὲ
1643 760 1885 831 λέγουσι

284 841 443 893 σέλας
463 838 548 890 ἐπὶ
571 836 663 903 τὴν
685 839 818 900 βοῦν
842 835 900 888 ἐκ
925 839 1018 889 τοῦ
1044 836 1261 906 ούρανοῦ
1281 836 1563 906 κατίσχειν,
1586 837 1674 890 καί
1700 859 1798 905 μιν
1826 838 1883 891 ἐκ

239 924 266 965 4
281 913 464 967 τούτου
499 913 685 967 τίκτειν
708 916 799 967 τὸν
821 912 999 968 ''An-w.
1071 912 1227 983 Ἔχει
1262 915 1319 967 δὲ
1346 918 1374 968 ὁ
1408 918 1615 985 μόσχος
1640 914 1821 978 οὗτος,
1852 920 1881 971 ὁ

271 990 426 1047 ''Ams-
451 993 773 1060 καλεόμενος,
797 991 988 1059 σημήῖα
1014 993 1203 1047 τοιάδε·
1248 993 1345 1046 ἐὼν
1369 993 1549 1061 μέλας,
1572 993 1660 1046 ε’πὶ
1684 995 1793 1061 μέν
1811 1000 1881 1069 τῷ

279 1072 496 1143 μετώπῳ
530 1071 716 1124 λευκὸν
745 1072 1062 1142 τετράγωνον
1096 1070 1295 1141 φορέει·
1340 1071 1425 1125 ἐπὶ
1464 1071 1521 1124 δέ
1555 1074 1651 1124 τοῦ
1686 1074 1877 1135 νώτου,

282 1149 451 1201 αἰετὸν
492 1148 808 1217 εἰκασμένον·
853 1150 908 1201 ἐν
943 1150 1001 1202 δὲ
1036 1152 1097 1217 τῇ
1140 1148 1283 1219 οὐρῇ,
1317 1150 1407 1203 τὰς
1442 1150 1625 1219 τρίχας
1662 1148 1878 1205 διπλᾶς·

191 1229 270 1283 29
286 1227 370 1280 ἐπὶ
397 1227 452 1279 δὲ
489 1232 551 1294 τῇ
584 1227 829 1297 γλώσσῃ,
859 1226 1127 1297 κάνθαρον.
1334 1226 1425 1281 Ὦς
1460 1228 1517 1280 δὲ
1551 1228 1758 1297 ἤγαγον
1790 1232 1881 1282 τὸν

276 1303 434 1359 'An-w
474 1305 525 1357 οἱ
568 1304 714 1375 ἱρέες,
759 1308 788 1358 ὁ
832 1303 1134 1373 Καμβύσης,
1179 1301 1262 1358 οἷα
1298 1305 1393 1359 ε’ὧν
1434 1304 1875 1377 ὑπομαργότερος,

288 1384 619 1451 σπασάμενος
653 1383 712 1436 τὸ
749 1382 1073 1453 ἐγχειρίδιον,
1112 1382 1279 1436 θέλων
1312 1381 1477 1453 τύψαι
1513 1382 1604 1451 τὴν
1638 1385 1877 1455 γαστέρα

287 1466 381 1515 τοῦ
411 1459 617 1523 Ἀπιος,
657 1461 795 1515 παίει
835 1462 926 1513 τὸν
968 1462 1149 1531 μηρόν·
1190 1462 1424 1533 γελάσας
1466 1461 1541 1521 δὲ,
1585 1456 1701 1515 εἶπε
1746 1465 1875 1534 πρὸς

251 1540 408 1595 Ωτοὺς
435 1538 587 1608 ἱρέας·
632 1535 751 1591 “Ὠ
787 1539 931 1591 κακαὶ
967 1539 1208 1608 κεφαλαὶ,
1236 1542 1460 1592 τοιοῦτοι
1488 1538 1595 1592 θεοὶ
1625 1539 1871 1609 γίνονται,

289 1616 485 1685 ἔναιμοί
508 1638 567 1669 τε
583 1618 667 1671 καὶ
693 1616 996 1686 σαρκώδεες,
1019 1617 1102 1669 καὶ
1122 1612 1381 1672 ἐπαΐοντες
1409 1617 1689 1688 σιδηρίων;
1732 1619 1873 1686 ἄξιος

289 1696 382 1763 μὲν
417 1694 708 1764 Αἰγυπτίων
745 1693 894 1749 οὗτός
930 1716 993 1765 γε
1032 1697 1062 1748 ὁ
1090 1693 1224 1750 θεός.
1266 1695 1394 1765 ἀτάρ
1428 1716 1509 1748 τοι
1544 1696 1689 1763 ὑμεῖς
1721 1718 1787 1767 γε
1817 1698 1871 1751 οὔ

256 1783 281 1823 8
291 1772 557 1843 χαίροντες
580 1773 792 1843 γέλωτα
818 1772 904 1841 ἐμὲ
933 1769 1224 1839 θήσεσθε.”
1304 1776 1474 1826 Ταῦτα
1499 1770 1662 1839 εἶπας,
1694 1776 1870 1829 ἐνετεί-

290 1853 422 1903 λατο
448 1852 588 1902 τοῖσι
614 1854 771 1903 ταῦτα
795 1848 1121 1919 πρήσσουσι,
1148 1850 1268 1906 τοὺς
1300 1850 1395 1919 μὲν
1422 1852 1559 1922 ἱρέας
1584 1852 1871 1922 ἀπομαστι-

290 1931 478 1998 γῶσαι,
506 1926 799 1998 Αἰγυπτίων
834 1928 890 1981 δέ
925 1934 1026 1981 τῶν
1060 1928 1239 1982 ἄλλων
1270 1931 1361 1983 τὸν
1386 1930 1449 1983 ἂν
1482 1931 1697 1993 λάβωσι
1723 1935 1870 2003 ὁρτά·

293 2006 461 2070 ζοντα,
491 2004 716 2058 κτείνειν.
761 2006 884 2075 ὁρτὴ
919 2006 1015 2073 μὲν
1052 2007 1111 2073 δὴ
1140 2007 1406 2060 διελέλυτο
1434 2007 1784 2079 Αἷγυπτίοισι·
1825 2012 1873 2064 οἱ

257 2084 350 2137 4δὲ
380 2081 508 2153 ἱρέες
535 2082 856 2137 ἐδικαιεῦντο.
900 2085 930 2135 ὁ
958 2085 1015 2138 δὲ
1029 2083 1187 2141 Ἀπις
1205 2086 1562 2157 πεπληγμένος
1580 2089 1673 2140 τὸν
1697 2091 1867 2160 μηρὸν,

294 2160 476 2223 ἔφθινε
511 2162 568 2215 ἐν
599 2167 671 2234 τῷ
711 2163 802 2235 ἱρῷ
843 2162 1211 2231 κατακείμενος.
1257 2164 1339 2217 καὶ
1373 2166 1463 2217 τὸν
1491 2165 1603 2232 μὲν,
1637 2166 1866 2235 τελευτῆ-
1953 2186 1954 2199 ’

298 2260 461 2293 σαντα
478 2240 532 2291 ἐκ
549 2244 640 2292 τοῦ
655 2242 931 2310 τρώματος,
944 2240 1149 2308 ἔθαψαν
1164 2244 1214 2295 οἱ
1236 2241 1365 2310 ἱρέες
1378 2241 1543 2307 λάθρη
1561 2244 1863 2310 Καμβύσεω.

204 2317 281 2367 30
381 2315 666 2385 Καμβύσης
717 2318 792 2380 δὲ,
845 2318 913 2373 ὧς
963 2317 1183 2388 λέγουσι
1231 2319 1518 2390 Αἶγύπτιοι,
1566 2321 1747 2377 αὐτίκα
1788 2326 1861 2379 διὰ

293 2393 444 2441 τοῦτο
472 2392 532 2442 τὸ
567 2390 784 2456 ἀδίκημα
817 2389 989 2457 ἐμάνη,
1029 2392 1127 2444 ἐὼν
1160 2393 1281 2446 οὐδὲ
1313 2396 1563 2464 πρότερον
1598 2397 1861 2469 φρενήρης.

255 2472 281 2509 2
296 2464 394 2511 Καὶ
431 2470 608 2531 πρῶτα
648 2466 741 2532 μὲν
781 2470 884 2517 τῶν
924 2473 1089 2521 κακῶν
1134 2470 1453 2542 ἐξεργάσατο
1492 2474 1583 2525 τὸν
1622 2474 1866 2545 ἀδελφεὸν

295 2536 528 2603 Σμέρδιν,
557 2541 704 2593 ἐόντα
737 2544 930 2612 πατρὸς
966 2545 1050 2597 καὶ
1082 2550 1274 2619 μητρὸς
1299 2551 1391 2618 τῆς
1424 2549 1593 2618 αὐτῆς·
1638 2553 1729 2606 τὸν
1752 2554 1862 2609 ὀπέ-
