1975 2892
309 122 383 177 84
880 129 1286 175 ΗΡΟΔΟΤΟΥ

1653 184 1794 233 [κο.
1814 186 1912 225 546.

304 243 515 313 ρῶτιδες
540 240 777 296 Αἰολίδες
808 244 1008 301 πόλιες,
1037 240 1136 307 ἔξω
1163 245 1266 293 τῶν
1291 240 1346 294 ε’ν
1371 241 1432 309 τῇ
1444 237 1560 308 Ἴδῃ
1587 240 1902 309 οἷκημένων·

268 334 293 375 2
311 318 641 388 κεχωρίδαται
684 319 785 389 γὰρ
829 317 995 371 αὗται.
1059 320 1112 371 αἶ
1165 319 1222 372 δὲ
1275 320 1366 374 τὰς
1411 316 1599 386 νῆσους
1645 319 1902 387 ἔχουσαι,

305 398 456 450 πέντε
491 397 584 465 μὲν
617 399 796 452 πόλιες
829 396 921 463 τὴν
947 396 1156 459 Λέσβον
1191 395 1440 463 νέμονται·
1483 397 1576 463 τὴν
1600 397 1704 467 γὰρ
1745 397 1906 464 ἕκτην

310 476 365 528 ἐν
390 478 450 543 τῇ
479 474 670 546 Λέσβῳ
706 473 993 541 οἰκεομένην
1017 472 1272 544 Ἀρίσβαν
1299 470 1678 544 ἠνδραπόδισαν
1705 475 1901 542 Μηθυ-

308 556 493 623 μναῖοι,
540 553 712 607 ἐόντας
762 552 1029 620 ὁμαίμους.
1091 552 1146 604 ἐν
1186 552 1380 623 Τενέδῳ
1425 552 1482 605 δὲ
1533 551 1626 620 μία
1669 552 1904 606 οἰκέεται

309 635 480 692 πόλις,
510 632 591 684 καὶ
627 630 681 683 ἐν
715 634 836 697 τῇσι
860 627 1074 682 Ἑκατὸν
1102 627 1334 697 Νῆσοισι
1367 629 1708 697 καλεομένῃσι
1751 631 1900 699 ἄλλη

264 723 289 763 8
309 710 418 779 μία.
484 708 761 773 Λεσβίοισι
785 706 877 775 μέν
902 729 992 760 νυν
1019 708 1102 760 καὶ
1126 707 1425 769 Τενεδίοισι,
1454 708 1678 778 κατάπερ
1701 706 1904 763 Ἰώνων

309 790 450 840 τοῖσι
493 787 585 841 τὰς
630 784 819 853 νήσους
863 786 1066 854 ἔχουσι,
1115 782 1177 851 ἦν
1223 786 1386 839 δεινὸν
1430 785 1594 838 οὐδέν·
1659 786 1792 853 τῇσι
1839 788 1902 840 δὲ

309 868 527 931 λοιπῇσι
559 866 744 918 πόλισι
781 862 896 916 ἕαδε
931 868 1072 931 κοινῇ
1095 861 1250 916 Ἴωσι
1285 862 1518 924 ἕπεσθαι,
1547 866 1608 931 τῇ
1643 862 1708 917 ἂν
1747 863 1902 918 οὗτοι

310 941 631 1011 ἐξηγέωνται.

176 1024 289 1080 152
377 1020 468 1075 Ὦς
520 1020 576 1073 δὲ
630 1021 871 1075 ἀπικέατο
918 1021 973 1077 ἐς
1014 1019 1108 1087 τὴν
1149 1018 1384 1088 Σπάρτην
1429 1025 1530 1071 τῶν
1573 1019 1765 1073 Ἰώνων
1809 1026 1898 1077 καὶ

310 1093 539 1147 Αἰολέων
583 1093 632 1146 οἱ
684 1092 915 1163 ἄγγελοι,
968 1092 1120 1160 (κατὰ
1163 1094 1264 1164 γὰρ
1309 1093 1370 1161 δὴ
1417 1095 1576 1163 τάχος
1620 1092 1684 1156 ἦν
1728 1100 1898 1149 ταῦτα

308 1168 689 1242 πρησσόμενα,)
718 1166 920 1223 εἵλοντο
954 1173 1058 1242 πρὸ
1092 1172 1296 1225 πάντων
1329 1172 1500 1242 λέγειν
1533 1173 1624 1225 τὸν
1659 1174 1895 1234 Φωκαέα,

265 1253 380 1323 ,τῷ
420 1250 611 1316 οὔνομα
647 1245 711 1314 ἦν
759 1245 1048 1319 Πύθερμος.
1129 1251 1160 1301 ὁ
1213 1249 1286 1309 δὲ,
1331 1247 1629 1320 πορφύρεόν
1668 1271 1728 1302 τε
1776 1247 1899 1319 εἷμα

308 1327 730 1399 περιβαλόμενος,
753 1326 821 1381 ὣς
847 1325 909 1378 ἂν
926 1326 1290 1394 πυνθανόμενοι
1309 1329 1550 1381 πλεῖστοι
1577 1328 1898 1382 συνέλθοιεν

309 1403 673 1477 Σπαρτιητέων,
718 1405 799 1456 καὶ
851 1405 1126 1466 καταστὰς,
1180 1405 1335 1475 ἔλεγε
1385 1406 1581 1467 πολλὰ,
1623 1406 1898 1476 τιμωρέειν

309 1484 545 1537 ἑωυτοῖσι
570 1480 789 1551 χρῄζων.
832 1481 1214 1549 Λακεδαιμόνιοι
1241 1483 1296 1535 δὲ
1323 1484 1384 1535 οὔ
1410 1502 1508 1537 κως
1535 1485 1736 1550 ἤκουον,
1767 1481 1898 1537 ἀλλ’

264 1570 289 1612 8
308 1560 529 1627 ἀπέδοξέ
564 1561 667 1630 σφι
701 1559 770 1627 μὴ
797 1558 1060 1629 τιμωρέειν
1073 1557 1246 1612 Ἴωσι.
1301 1561 1352 1612 οἱ
1388 1562 1482 1628 μὲν
1517 1560 1578 1627 δὴ
1605 1561 1892 1615 άπαλλάσ-

309 1650 485 1692 σοντο·
529 1638 909 1705 Λακεδαιμόνιοι
950 1637 1006 1689 δὲ
1047 1636 1372 1707 ἀπωσάμενοι
1411 1644 1512 1691 τῶν
1544 1638 1730 1692 Ἰώνων
1768 1640 1896 1696 τοὺς

308 1715 583 1786 ἀγγέλους.
603 1714 737 1784 ὅμως
756 1714 1069 1768 ἀπέστειλαν
1086 1714 1461 1788 πεντηκοντέρῳ
1481 1716 1685 1786 ἄνδρας,
1707 1718 1778 1772 ὡς
1797 1720 1896 1785 μὲν

308 1794 422 1859 ε’μοὶ
448 1792 627 1853 δοκέει,
656 1793 1007 1847 κατασκόπους
1041 1797 1144 1845 τῶν
1168 1814 1225 1845 τε
1263 1790 1431 1863 Κύρου
1465 1795 1778 1865 πρηγμάτων
1808 1797 1894 1849 καὶ
1966 1794 1967 1849 ᾖ

262 1885 289 1925 4
306 1869 515 1936 Ἰωνίης.
583 1870 874 1938 ἀπικόμενοι
911 1870 968 1922 δὲ
1008 1869 1150 1923 οὗτοι
1192 1870 1243 1925 ἐς
1282 1873 1532 1933 Φώκαιαν,
1569 1871 1802 1940 ἔπεμπον
1839 1875 1895 1928 ἐς

308 1947 489 2016 Σάρδις
529 1945 710 2014 σφέων
748 1947 912 2001 αὐτῶν
949 1948 1040 2000 τὸν
1075 1948 1433 2017 δοκιμώτατον,
1471 1950 1544 2022 τῷ
1587 1952 1782 2017 οὕνομα
1829 1950 1894 2018 ἦν

308 2022 572 2093 Λακρίνης,
602 2022 879 2093 ἀπερέοντα
915 2021 1067 2095 Κύρῳ
1103 2026 1504 2093 Λακεδαιμονίων
1527 2025 1699 2097 ῥῆσιν,
1733 2030 1771 2054 “
1790 2032 1892 2097 γῆς

308 2103 397 2169 τῆς
420 2098 677 2155 Ἑλλάδος
708 2100 954 2170 μηδεμίαν
979 2105 1134 2156 πόλιν
1161 2103 1508 2173 σιναμωρέειν,
1537 2105 1605 2160 ὣς
1630 2105 1800 2159 αὐτῶν
1827 2108 1890 2159 οὗ

178 2177 285 2236 153
306 2174 754 2250 περιοψομένων.”
1006 2184 1172 2238 Ταῦτα
1225 2181 1455 2236 εἰπόντος
1504 2185 1596 2234 τοῦ
1649 2180 1888 2253 κήρυκος,

306 2257 514 2327 λέγεται
548 2260 717 2326 Κῦρον
750 2256 1045 2328 ε’πείρεσθαι
1078 2258 1199 2313 τοὺς
1231 2261 1508 2329 παρεόντας
1543 2261 1592 2311 οἱ
1617 2257 1891 2327 Ἐλλήνων

309 2339 346 2359 “
364 2333 496 2388 τίνες
517 2333 681 2387 ε’όντες
700 2332 955 2400 ἄνθρωποι
979 2336 1373 2401 Λακεδαιμόνιοι,
1393 2336 1476 2388 καὶ
1495 2339 1644 2389 κόσοι
1662 2339 1885 2409 πλῆθος,

260 2425 287 2465 2
307 2412 463 2460 ταῦτα
514 2410 685 2481 ἑωυτῷ
723 2408 1194 2480 προαγορεύουσι.”
1261 2411 1634 2481 πυνθανόμενον
1675 2416 1736 2469 δέ
1781 2438 1886 2484 μιν,

306 2481 465 2532 εἷπεῖν
497 2486 625 2551 πρὸς
660 2487 749 2537 τὸν
783 2484 971 2555 κήρυκα
1006 2488 1095 2539 τὸν
1130 2487 1463 2557 Σπαρτιήτην·
1509 2491 1544 2516 “
1567 2491 1674 2544 Οὔκ
1709 2495 1890 2548 ἔδεισά
1966 2496 1967 2511 ἶ

307 2574 377 2605 κω
404 2555 587 2625 ἄνδρας
611 2559 887 2621 τοιούτους,
909 2564 1048 2615 τοῖσι
1070 2564 1186 2616 ἐστὶ
1211 2571 1379 2635 χῶρος
1398 2566 1455 2620 ἐν
1479 2568 1613 2636 μέσῃ
1642 2573 1705 2638 τῇ
1733 2575 1890 2627 πόλει
