1975 2892
235 153 273 204 4
819 128 1224 203 ΗΡοΔοΤοΥ

1582 209 1651 251 ΓΑ.
1666 211 1709 249 C.
1732 210 1821 252 716.

195 282 216 324 'l
234 275 326 344 τὴν
361 269 681 346 ἀνθρωπηίην
709 273 778 327 ὧν
809 274 1145 340 ἐπιστάμενος
1180 267 1499 337 εὐδαιμονίην
1526 267 1723 334 οὐδαμὰ
1766 267 1817 317 ἐν

234 355 410 421 τώυτῷ
435 353 707 419 μένουσαν,
739 350 1079 418 ἐπιμνήσομαι
1106 347 1412 418 ἀμφοτέρων
1439 345 1643 414 ὁμοίως.

185 434 223 486 6
327 430 554 496 Κροῖσος
593 425 654 492 ἦν
693 426 856 480 Λυδὸς
895 425 989 492 μὲν
1034 423 1195 492 γένος,
1242 426 1363 478 παῖς
1410 423 1465 476 δὲ
1506 421 1812 480 Ἀλυάττεω,

103 512 194 594 233·
237 504 479 577 τύραννος
506 505 561 558 δὲ
591 503 774 556 ἐθνέων
799 507 900 555 τῶν
927 503 1069 556 ἐντὸς
1086 499 1281 554 Ἀλυος
1312 503 1565 567 ποταμοῦ·
1610 497 1667 552 ὃς
1691 496 1823 568 ῥέων

187 582 197 593 ’
237 586 338 639 ἀπὸ
363 581 689 654 μεσαμβρίης
722 580 914 650 μεταξὺ
957 577 1129 650 Σύρων
1162 578 1245 630 καὶ
1286 579 1667 648 Παφλαγόνων,
1698 575 1824 641 ἐξίει

239 665 368 734 πρὸς
400 663 565 732 βορῆν
591 659 774 728 ἄνεμον
801 659 853 714 ἐς
892 660 980 711 τὸν
1014 657 1255 723 Εὔξεινον
1282 658 1587 723 καλεόμενον
1612 657 1821 708 πόντον.

199 749 224 789 2
243 741 404 795 Οὗτος
440 743 469 793 6
508 741 750 810 Κροῖσος,
779 737 1061 807 βαρβάρων
1095 741 1314 806 πρῶτος,
1344 739 1445 786 τῶν
1476 733 1618 801 ἡμεῖς
1658 730 1821 800 ἴδμεν,

240 819 360 873 τοὺς
397 818 490 885 μὲν
515 815 904 886 κατεστρέψατο
938 811 1204 880 Ἑλλήνων
1238 813 1290 867 ἐς
1322 813 1492 882 φόρου
1528 811 1823 881 ἀπαγωγὴν,

201 896 360 951 3τοὺς
413 896 488 955 δὲ,
537 894 731 964 φίλους
781 890 1225 964 προσεποιήσατο.
1290 890 1680 961 κατεστρέψατο
1733 889 1827 956 μὲν

225 969 413 1028 Ἴωνάς
439 995 495 1025 τε
529 973 612 1024 καὶ
651 971 886 1029 Αἶολέας,
924 971 1007 1023 καὶ
1042 969 1265 1040 Δωριέας
1298 967 1417 1023 τοὺς
1451 969 1505 1022 ἐν
1544 971 1604 1034 τῇ
1645 967 1823 1034 Ἀσίῃ·

203 1052 438 1122 4φίλους
471 1051 531 1104 δὲ
560 1047 982 1120 προσεποιήσατο
1020 1047 1458 1115 Λακεδαιμονίους.
1508 1047 1610 1116 πρὸ
1648 1047 1703 1099 δὲ
1738 1047 1829 1112 τῆς

250 1129 476 1201 Κροίσου
504 1129 664 1199 ἀρχῆς
689 1130 873 1182 πάντες
891 1125 1145 1192 Ἕλληνες
1170 1123 1303 1192 ἦσαν
1325 1123 1601 1196 ἐλεύθεροι·
1648 1126 1707 1177 τὸ
1726 1125 1828 1194 γὰρ

246 1207 535 1276 Κιμμερίων
577 1207 868 1277 στράτευμα
917 1206 976 1257 τὸ
1024 1205 1107 1258 ἐπὶ
1146 1203 1237 1272 τὴν
1274 1202 1467 1270 Ἰωνίην
1506 1203 1827 1271 ἀπικόμενον,

249 1285 478 1356 Κροίσου
516 1284 598 1337 ἐὸν
623 1281 997 1355 πρεσβύτερον,
1028 1283 1087 1335 οὐ
1124 1281 1459 1351 καταστροφὴ
1491 1281 1689 1351 ἐγένετο
1729 1285 1831 1332 τῶν

195 1364 229 1420 7
247 1363 463 1425 πολίων,
493 1362 611 1415 ἀλλ’
643 1362 700 1428 ἐξ
727 1361 1002 1432 ἐπιδρομῆς
1028 1357 1249 1431 ἁρπαγή.
1410 1358 1478 1412 Ἡ
1507 1360 1562 1412 δὲ
1590 1357 1829 1430 ἡγεμονίη

191 1453 196 1459 ’
248 1439 382 1494 οὕτω
428 1439 692 1512 περιῆλθε,
742 1440 900 1492 ἐοῦσα
943 1438 1335 1509 Ἡρακλειδέων,
1380 1438 1432 1492 ἐς
1478 1439 1536 1490 τὸ
1577 1437 1725 1508 γένος
1770 1438 1830 1489 τὸ

210 1535 234 1574 2
255 1516 500 1591 Κροίσου,
530 1517 862 1586 καλεομένους
905 1518 961 1570 δὲ
1003 1518 1325 1588 Μερμνάδας.
1365 1512 1473 1568 Ἠν
1513 1514 1829 1582 Κανδαύλης,

251 1600 342 1652 τὸν
379 1599 428 1650 οἶ
454 1595 709 1664 Ἕλληνες
745 1595 1021 1666 Μυρσίλον
1056 1595 1382 1662 ὀνομάζουσι,
1420 1592 1661 1664 τύραννος
1700 1599 1830 1664 Σαρ-

212 1675 392 1737 Βδίων,
437 1676 688 1746 ἀπόγονος
730 1675 786 1727 δὲ
832 1673 1075 1726 Ἀλκαίου
1115 1676 1207 1724 τοῦ
1250 1671 1553 1742 Ἡρακλέος.
1626 1669 1835 1743 ’Ἄγρων

253 1755 346 1822 μὲν
388 1754 489 1824 γὰρ
536 1755 564 1804 6
613 1751 788 1812 Νίνου,
823 1755 914 1804 τοῦ
961 1750 1149 1817 Βήλου,
1190 1754 1283 1803 τοῦ
1327 1749 1587 1810 Ἀλκαίου,
1632 1756 1835 1821 πρῶτος

212 1828 628 1902 4”Ηρακλειδε’ων
652 1829 905 1893 βασιλεὺς
932 1827 1131 1899 ἐγένετο
1169 1829 1409 1899 Σαρδίων·
1455 1826 1750 1895 Κανδαύλης
1778 1829 1835 1880 δὲ

257 1912 284 1962 6
314 1905 552 1978 Μύρσου,
581 1904 820 1962 ὕστατος.
863 1909 912 1960 οἱ
940 1908 996 1960 δὲ
1021 1910 1271 1978 πρότερον
1296 1905 1557 1978 Ἄγρωνος
1581 1905 1834 1970 βασιλεύ-

259 2007 440 2040 σαντες
487 1982 668 2052 ταύτης
712 1987 802 2053 τῆς
847 1987 1035 2056 χώρης,
1077 1983 1212 2052 ἦσαν
1251 1985 1495 2052 ἀπόγονοι
1536 1985 1704 2038 Λυδοῦ
1743 1989 1837 2038 τοῦ

247 2059 456 2118 Ἀτυος·
499 2062 584 2116 ἀπ’
622 2061 738 2115 ὅτευ
765 2066 793 2115 6
829 2065 986 2131 δῆμος
1022 2062 1206 2118 Λύδιος
1243 2061 1430 2131 ἐκλήθη
1466 2066 1494 2115 6
1528 2065 1627 2117 πᾶς
1667 2062 1835 2125 οὗτος,

211 2158 238 2199 5
257 2143 506 2213 πρότερον
539 2139 696 2209 Μῄων
730 2143 1051 2210 καλεόμενος.
1109 2142 1247 2212 παρὰ
1279 2139 1473 2194 τούτων
1508 2140 1841 2211 Ἡρακλεῖδαι

259 2218 672 2292 ἐπιτραφθέντες,
702 2221 862 2289 ἔσχον
889 2219 979 2287 τὴν
1006 2219 1169 2290 ἀρχὴν
1197 2221 1251 2272 ἐκ
1279 2219 1605 2290 θεοπροπίου,
1637 2220 1691 2272 ἐκ
1718 2217 1837 2272 δοῦι

257 2301 354 2365 λης
381 2320 437 2350 τε
463 2301 552 2366 τῆς
569 2297 828 2369 Ἰαρδάνου
853 2301 1124 2368 γεγονότες
1150 2299 1231 2350 καὶ
1262 2296 1565 2368 Ἡρακλέος.
1596 2297 1841 2369 ἄρξαντες

259 2377 352 2444 μὲν
389 2376 471 2429 ἐπὶ
499 2375 589 2430 δύο
623 2398 679 2429 τε
714 2377 795 2429 καὶ
823 2374 986 2429 εἴκοσι
1012 2377 1188 2447 γενεὰς
1222 2376 1433 2446 ἀνδρῶν,
1463 2377 1576 2429 ἔτεα
1608 2375 1758 2430 πέντε
1784 2398 1842 2430 τε
1865 2417 1881 2428 .

262 2453 342 2505 καὶ
369 2458 694 2514 πεντακόσια,
723 2457 842 2508 παῖς
875 2457 1014 2525 παρὰ
1049 2455 1241 2523 πατρὸς
1277 2454 1599 2522 ἐκδεκόμενος
1631 2455 1722 2522 τὴν
1747 2455 1841 2524 ἀρ-

202 2541 237 2592 8
261 2530 375 2599 χὴν,
405 2529 556 2600 μέχρι
591 2529 894 2584 Κανδαύλεω
921 2536 1013 2584 τοῦ
1042 2529 1281 2602 Μύρσου.
1440 2532 1602 2587 Οὗτος
1629 2533 1691 2601 δὴ
1718 2533 1787 2587 ὧν
1814 2537 1845 2586 6

127 2619 216 2706 ff&
265 2606 560 2674 Κανδαύλης
597 2607 798 2678 ἠράσθη
832 2611 920 2677 τῆς
961 2611 1151 2662 ἑωυτοῦ
1188 2612 1440 2680 γυναικός·
1492 2611 1727 2682 ἐρασθεὶς
1767 2612 1845 2674 δὲ,
