1975 2892
676 103 719 148 Θ
730 105 826 150 ΑΛ
838 104 878 150 Ε
890 105 912 149 1
923 105 1162 150 A.—111.
1193 101 1300 160 3-8.
1667 93 1782 146 223

186 165 257 206 οι.
280 165 342 205 63.
363 165 421 214 3.]

191 221 353 273 τείνει
393 219 447 274 ἐς
482 217 774 272 θάλασσαν·
818 219 919 272 ἀπὸ
955 220 1010 272 δὲ
1049 219 1364 290 Σερβωνίδος
1403 219 1604 288 λίμνης,
1635 219 1694 273 ε’ν
1723 223 1785 289 τῇ

193 299 262 365 δὴ
300 300 461 369 λόγος
498 299 587 349 τὸν
613 298 772 366 Τυφὼ
800 295 1099 367 κεκρύφθαι,
1129 298 1229 350 ἀπὸ
1265 296 1447 365 ταύτης
1487 300 1579 367 ἤδη
1621 297 1782 370 Αἵγυ·

192 398 350 431 πτος.
403 377 462 428 τὸ
506 375 567 442 δὴ
613 375 803 443 μεταξὺ
848 373 1084 441 ’Ῑηνῦσου
1135 377 1341 430 πόλιος
1369 378 1451 429 καὶ
1488 377 1686 429 Κασίου
1729 391 1824 432 τεῦ

195 457 381 525 οὔρεος
407 454 488 507 καὶ
519 455 607 522 τῆς
634 452 949 524 Σερβωνίδος
967 453 1166 521 λίμνης,
1195 451 1282 505 ε’ὸν
1307 456 1457 506 τοῦτο
1485 455 1575 507 οὐκ
1603 455 1787 525 ὀλίγον

194 533 395 602 χωρίον
439 531 560 584 ἀλλ’
604 530 733 584 ὅσον
768 552 824 584 τε
868 530 955 584 ἐπὶ
995 533 1130 601 τρεῖς
1169 529 1355 598 ἡμέρας
1392 532 1529 593 ὁδὸν,
1569 532 1788 602 ἄνυδρόν

198 611 321 664 ε’στι
348 612 537 664 δεινῶς.
715 611 785 662 Τὸ
813 609 868 662 δὲ
894 609 1066 680 ὀλίγοι
1092 615 1194 661 τῶν
1220 607 1274 663 ἐς
1301 607 1558 680 Αἴγυπτον
1578 613 1780 663 ναυτιλ-
1800 609 1838 663 6

146 737 155 744 .
196 688 431 757 λομένων
462 687 780 748 ἐννενώκασι,
810 691 962 740 τοῦτο
999 689 1214 757 ἔρχομαι
1250 688 1492 758 φράσων.
1536 686 1590 744 ἔς
1624 685 1781 758 Α’ίγυ-

198 789 331 822 πτον
372 767 429 820 ἐκ
464 769 555 835 τῆς
594 765 850 820 Ἑλλάδος
888 767 1077 833 πάσης,
1121 766 1204 818 καὶ
1253 767 1400 836 πρὸς,
1433 765 1490 818 ἐκ
1528 767 1780 834 Φοινίκης,

201 846 417 914 κέραμος
451 843 695 915 ἐσάγεται
733 841 932 913 πλήρης
959 841 1099 896 οἴνου
1131 844 1209 900 δὶς
1239 847 1330 897 τοῦ
1368 845 1507 900 ἔτεος
1539 847 1778 898 ἑκάστου·

202 925 287 976 καὶ
322 922 376 976 ἓν
410 923 646 992 κεράμιον
685 921 884 992 οἰνηρὸν
919 921 1116 995 ἀριθμῷ
1155 922 1381 990 κείμενον
1419 923 1510 976 οὐκ
1545 925 1660 977 ἔστι
1687 920 1783 994 (ὣς

200 1004 350 1072 λόγῳ
396 996 576 1070 εἰπεῖν)
620 999 839 1054 ἰδέσθαι.
896 1004 987 1052 κοῦ
1029 1001 1170 1068 δῆτα,
1214 997 1346 1054 εἴποι
1386 1022 1462 1056 τις
1502 1001 1580 1068 ἂν,
1623 1006 1780 1055 ταῦτα
1795 1016 1822 1056 2

202 1080 586 1146 ἀναισιμοῦνται
608 1098 623 1140 3
666 1077 768 1148 ε’γῶ
810 1077 891 1130 καὶ
917 1081 1070 1131 τοῦτο
1097 1079 1309 1149 φράσω.
1353 1079 1431 1132 δεῖ
1453 1081 1543 1132 τὸν
1567 1080 1661 1148 μὲν
1686 1077 1778 1146 δῆ-

199 1178 405 1226 μαρχον
430 1156 649 1210 ἕκαστον
673 1154 730 1209 ε’κ
757 1158 846 1223 τῆς
873 1157 1062 1208 ἑωυτοῦ
1077 1159 1260 1211 πόλιος
1277 1157 1602 1224 συλλέξαντα
1617 1160 1784 1213 πάντα

200 1237 294 1288 τὸν
320 1235 551 1305 κέραμον,
582 1234 723 1306 ἄγειν
761 1233 817 1289 ἐς
844 1233 1074 1303 Μέμφιν·
1118 1235 1237 1290 τοὺς
1275 1236 1330 1288 δὲ
1369 1234 1426 1289 ἔκ
1457 1236 1699 1306 Μέμφιος
1726 1234 1782 1290 ἒς

196 1317 363 1367 ταῦτα
405 1312 465 1380 δὴ
512 1314 577 1366 τὰ
618 1312 807 1383 ἄνυδρα
846 1315 936 1380 τῆς
981 1313 1161 1384 Συρίης
1210 1313 1446 1381 κομίζειν,
1480 1313 1782 1381 πλήσαντας

198 1389 403 1447 υδατος.
447 1412 579 1444 ουτω
620 1393 649 1445 ὁ
688 1389 997 1458 ε’πιφοιτεων
1037 1391 1268 1460 κέραμος,
1311 1391 1393 1443 καὶ
1432 1389 1819 1460 ἔξαιρεόμενος3

202 1463 261 1515 ἐν
285 1461 542 1536 Αἰγύπτῳ,
566 1462 646 1518 ἐπὶ
674 1462 763 1518 τὸν
788 1466 1008 1517 παλαιὸν
1035 1465 1340 1532 κομίζεται’
1313 1488 1364 1521 ες
1391 1465 1589 1534 Συρίην.
1673 1465 1773 1519 Οὕ-
1796 1467 1832 1526 7

200 1563 277 1596 τω
315 1540 408 1610 μέν
442 1563 530 1597 νυν
564 1540 764 1613 Πέρσαι
800 1543 905 1596 εἶσὶ
938 1565 988 1595 οι
1023 1541 1114 1610 τὴν
1142 1542 1369 1611 ἐσβολὴν
1398 1540 1583 1611 ταύτην
1606 1566 1770 1614 παρα-

200 1623 548 1676 σκευάσαντες
585 1617 663 1673 ἔπ’
693 1616 951 1689 Αἴγυπτον
977 1618 1103 1671 κατὰ
1140 1617 1200 1685 δὴ
1227 1618 1292 1670 τὰ
1318 1615 1548 1687 εἰρημένα
1589 1619 1780 1684 σάξαν-

198 1722 285 1754 τες
317 1697 478 1758 ὕδατι,
508 1696 620 1752 ε’πεί
652 1719 709 1750 τε
746 1698 970 1765 τάχιστα
1007 1695 1304 1766 παρέλαβον
1336 1692 1612 1765 Αἴγυπτον.
1655 1699 1782 1750 Τότε
1798 1715 1822 1754 2

202 1779 261 1834 δὲ
288 1778 379 1830 οὒκ
405 1776 578 1832 ε’όντος
613 1796 683 1828 κω
710 1772 895 1830 ὕδατος
918 1774 1150 1841 ῐὲτοίμου,
1181 1771 1464 1841 Καμβύσης
1497 1773 1781 1842 πυθόμενος

200 1859 295 1909 τοῦ
320 1855 757 1925 Ἁλικαρνησσέος
788 1852 975 1919 ξείνου,
1005 1852 1218 1923 πέμψας
1250 1851 1390 1921 παρὰ
1424 1852 1513 1904 τὸν
1536 1849 1782 1922 Ἀράβιον

200 1934 479 2004 ἀγγέλους,
502 1934 583 1986 καὶ
610 1931 803 1999 δεηθεὶς
828 1933 916 1999 τῆς
942 1931 1236 2000 ἀσφαλείης
1261 1931 1428 1999 ἔτυχε,
1457 1929 1634 1986 πίστις
1662 1928 1782 1987 δούς

203 2034 261 2065 τε
286 2011 369 2065 καὶ
397 2011 667 2078 δεξάμενος
690 2008 809 2079 παρ’
838 2009 1013 2062 αὐτοῦ.

294 2084 533 2148 Σέβονται
573 2085 628 2138 δὲ
667 2083 902 2155 Ἀράβιοι
938 2083 1114 2140 πίστις
1149 2083 1425 2157 ἀνθρώπων
1460 2087 1610 2154 ὁμοῖα
1641 2087 1778 2137 τοῖσι
1797 2087 1832 2139 8

213 2164 456 2232 μάλιστα.
497 2167 757 2217 ποιεῦνται
797 2164 853 2216 δὲ
893 2163 1046 2218 αὐτὸς
1080 2164 1252 2236 τρόπῳ
1287 2163 1484 2235 τοιῷδε·
1526 2167 1628 2217 τῶν
1653 2166 1779 2226 βου-

212 2242 441 2310 λομένων
478 2244 541 2296 τὰ
579 2243 742 2297 πιστὰ
792 2239 1074 2302 ποιέεσθαι,
1114 2243 1274 2298 ἄλλος
1312 2242 1436 2310 ἀνὴρ
1476 2240 1782 2310 αμφοτέρων

207 2322 371 2376 αὐτων
396 2321 452 2376 ἐν
481 2321 627 2394 μέσῳ
664 2320 872 2381 εστεῶς,
904 2318 1038 2389 λίθῳ
1074 2317 1192 2383 ὀξέι
1223 2318 1282 2369 τὸ
1319 2316 1424 2368 ἔσω
1460 2318 1562 2364 τῶν
1598 2317 1785 2381 χειρῶν

206 2402 347 2472 παρὰ
396 2400 515 2454 τοὺς
567 2397 849 2453 δακτύλους
900 2396 1052 2450 τοὺς
1048 2396 1324 2466 μεγάλους
1377 2392 1636 2458 επιτάμνει
1684 2395 1787 2442 τῶν

209 2477 519 2546 ποιευμένων
546 2478 636 2532 τὰς
672 2475 867 2532 πίστις·
912 2474 995 2526 καὶ
1027 2474 1198 2526 επειτα
1232 2474 1304 2524 λα
1345 2471 1413 2524 ὧν
1447 2490 1502 2522 εκ
1541 2471 1632 2522 τοῦ
1671 2469 1828 2536 epa-2

213 2557 325 2610 τίον
352 2555 590 2626 ἐκατέρου
630 2553 862 2626 κροκύδα,
892 2551 1100 2620 ἀλείφει
1130 2550 1202 2622 τῷ
1228 2546 1397 2616 αἵματι
1433 2570 1488 2602 εν
1510 2547 1656 2618 μέσῳ
1683 2566 1786 2598 κει-
