1975 2892
253 76 370 133 282
827 85 1243 133 ΗΡοΔοΤοΥ

1603 152 1747 199 [μοι
1768 152 1851 193 521

254 207 415 275 χώρη,
463 202 658 273 ἐσχάτη
709 208 813 257 τῶν
864 202 1182 273 οἶκεομένων·
1240 200 1365 270 αὕτη
1419 202 1474 255 δέ
1525 208 1750 272 χρυσόν
1805 224 1867 254 τε

255 283 406 352 φέρει
439 284 657 343 πολλὸν,
693 284 774 335 καὶ
811 282 1097 351 ἐλέφαντας
1128 281 1482 350 ἀμφιλαφέας,
1512 282 1600 332 καὶ
1638 280 1868 350 δένδρεα

255 364 418 413 πάντα
443 360 611 430 ἄγρια,
642 362 722 413 καὶ
748 362 943 424 ἔβενον,
973 361 1055 413 καὶ
1081 359 1265 430 ἀνδρας
1293 358 1576 429 μεγίστους
1605 359 1697 411 καὶ
1728 361 1864 410 καλ-

255 437 474 493 λίστους
499 440 580 491 καὶ
605 438 1069 508 μακροβιωτάτους.

124 517 235 571 115
346 512 504 567 Αὖται
549 511 647 581 μέν
693 534 781 567 νυν
821 514 876 565 ἕν
919 535 974 565 τε
1017 516 1078 581 τῇ
1126 513 1276 583 Ἀσίῃ
1324 516 1561 585 ἐσχατιαί
1608 516 1725 569 εἰσ-ι
1776 518 1859 570 καὶ

213 593 314 648 2ἐν
353 598 416 662 τῇ
456 590 637 659 Λιβύῃ.
721 592 849 660 Περὶ
890 591 944 644 δὲ
984 595 1088 643 τῶν
1128 591 1182 644 ἐν
1218 594 1277 658 τῇ
1320 590 1535 660 Εὐρώπῃ
1577 595 1687 642 τῶν
1726 596 1866 659 πρὸς

259 664 483 741 ἕσπέρην
513 669 794 739 ἐσχατιέων
826 670 930 738 ἔχω
961 668 1054 736 μὲν
1082 669 1172 721 οὐκ
1209 668 1452 738 ἀτρεκέως
1485 666 1687 737 λέγειν·
1740 670 1864 720 οὔτε

257 750 358 820 γὰρ
401 750 564 819 ἔγωγε
609 747 868 814 ἐνδέκομαι
909 746 1184 814 Ἠριδανόν
1235 767 1345 798 τινα
1385 744 1667 798 καλέεσθαι
1726 748 1863 816 πρὸς

257 826 537 895 βαρβάρων
587 826 833 892 ποταμὸν,
877 824 1136 877 ἐκδιδόντα
1176 823 1228 878 ἐς
1270 822 1543 876 θάλασσαν
1583 823 1682 891 τὴν
1726 827 1861 895 πρὸς

258 904 420 972 βορῆν
446 903 645 970 ἄνεμον,
676 899 763 955 ἀπ’
785 900 910 955 ’ὅτευ
937 903 996 954 τὸ
1028 904 1281 972 ἤλεκτρον
1308 902 1495 970 φοιτᾶν
1519 902 1688 971 λόγος
1720 903 1857 962 ἐστὶ,

259 983 375 1033 οὔτε
401 978 589 1047 νήσους
615 975 730 1033 οἶδα
756 980 1133 1050 Κασσιτερίδας
1160 976 1363 1039 ἐούσας,
1387 978 1441 1030 ἐκ
1468 983 1568 1030 τῶν
1597 982 1629 1031 ὁ
1659 980 1858 1033 κασσί·

217 1074 404 1127 ετερος
441 1057 559 1125 ἡμῖν
598 1058 774 1127 φοιτᾷ.
833 1061 984 1111 τοῦτο
1031 1057 1123 1125 μὲν
1160 1058 1279 1128 γὰρ,
1323 1060 1351 1109 ὁ
1390 1051 1687 1127 Ἠριδανὸς,
1736 1059 1859 1111 αὐτὸ

261 1136 551 1205 κατηγορέει
604 1137 664 1187 τὸ
711 1138 902 1203 οὕνομα
949 1136 1017 1189 ὧς
1062 1134 1176 1187 ἔστι
1215 1134 1518 1201 Ἑλληνικὸν
1557 1134 1648 1186 καὶ
1703 1134 1775 1187 οὔ
1812 1156 1859 1187 τι

262 1214 594 1283 βαρβαρικὸν,
633 1212 732 1265 ὑπὸ
766 1213 984 1280 ποιητέω
1031 1212 1091 1265 δέ
1122 1233 1259 1267 τινος
1293 1211 1520 1278 ποιηθέν·
1577 1214 1743 1265 τοῦτο
1783 1214 1857 1274 δὲ,

263 1292 465 1346 οὐδενὸς
491 1291 749 1344 αὐτόπτεω
785 1290 1057 1363 γενομένου
1084 1291 1145 1344 οὐ
1181 1289 1392 1358 δύναμαι
1428 1289 1671 1350 ἀκοῦσαι,
1703 1293 1857 1343 τοῦτο

263 1367 662 1436 μελετῶν,”ὁ’κως
689 1368 936 1422 θάλασσά
967 1368 1083 1422 ἐστι
1108 1370 1173 1421 τὰ
1200 1369 1427 1421 ἐπέκεινα
1452 1370 1544 1435 τῆς
1578 1368 1853 1437 Εὐρώπης.

221 1468 247 1507 4
265 1448 323 1513 ἐξ
359 1448 582 1516 ἐσχάτης
613 1443 658 1500 δ’
695 1445 763 1499 ὧν
798 1446 828 1499 ὅ
862 1468 917 1499 τε
953 1445 1264 1517 κασσίτερος
1302 1444 1418 1513 ἡμῖν
1453 1446 1637 1514 φοιτᾷ,
1681 1448 1765 1499 καὶ
1799 1448 1855 1498 τὸ

135 1532 246 1587 116
265 1527 540 1596 ἤλεκτρον.
777 1526 918 1595 Πρὸς
955 1525 1011 1577 δὲ
1046 1524 1231 1595 ἄρκτου
1267 1526 1356 1591 τῆς
1392 1523 1647 1593 Εὐρώπης
1673 1526 1855 1596 πολλῷ

265 1623 315 1655 τι
349 1605 599 1657 πλεῖστος
633 1604 832 1673 χρυσὸς
867 1602 1103 1671 φαίνεται
1141 1602 1253 1654 ἐών·
1294 1600 1422 1655 ὅκως
1447 1601 1542 1668 μὲν
1568 1604 1854 1671 γινόμενος,

267 1682 357 1733 οὐκ
393 1682 496 1750 ἔχω
524 1682 642 1734 οὐδὲ
678 1683 828 1733 τοῦτο
864 1678 1111 1750 ἀτρεκέως
1146 1675 1301 1733 εἶπαι·
1343 1678 1553 1749 λέγεται
1590 1679 1652 1731 δὲ
1693 1680 1780 1733 ὑπ’
1810 1680 1859 1732 ἐκ

266 1764 366 1811 τῶν
391 1765 599 1829 γρυπῶν
634 1759 874 1829 ἁρπάζειν
897 1757 1267 1827 Ἀριμασποὺς,
1296 1756 1481 1826 ἄνδρας
1511 1758 1858 1826 μουνοφθάλ-

221 1851 247 1891 2
267 1857 410 1903 μους.
453 1837 691 1904 πείθομαι
711 1837 766 1890 δὲ
788 1836 904 1889 οὐδὲ
924 1839 1095 1896 τοῦτο,
1115 1835 1243 1891 ὅκως
1261 1833 1664 1903 μουνόφθαλμοι
1686 1834 1862 1905 ἅνδρες

268 1911 504 1982 φύονται,
533 1913 700 1983 φύσιν
726 1914 930 1983 ἔχοντες
954 1913 1047 1981 τὴν
1073 1913 1239 1980 ἀλλην
1266 1912 1444 1981 ὁμοίην
1467 1914 1611 1964 τοῖσι
1642 1912 1862 1965 ἄλλοισι

221 2002 247 2045 ⁸
269 1990 602 2061 ἀνθρώποισι.
637 1982 646 1989 “
685 1994 751 2045 Αἱ
783 1992 844 2060 δὴ
873 1991 941 2045 ὦν
967 1992 1205 2061 ἐσχατιαὶ
1242 1988 1431 2051 οἴκασι,
1460 1985 1859 2060 περικληΐουσαι

268 2069 360 2138 τὴν
399 2068 566 2137 ἄλλην
605 2071 779 2140 χώρην
821 2071 903 2123 καὶ
942 2069 1083 2124 ἐντὸς
1121 2069 1455 2139 ἀπέργουσαι,
1494 2068 1561 2119 τὰ
1598 2069 1857 2123 κάλλιστα

273 2147 514 2202 δοκέοντα
540 2146 658 2216 ἦμῖν
685 2142 810 2199 εἶναι
837 2147 919 2201 καὶ
946 2148 1273 2200 σπανιώτατα
1300 2147 1437 2215 ἔχειν
1461 2142 1629 2198 αὗται.

137 2214 248 2273 117
344 2217 504 2272 Ἐστι
544 2223 600 2275 δὲ
637 2220 815 2274 πεδίον
850 2220 905 2273 ἐν
937 2224 1001 2287 τῇ
1040 2218 1191 2287 Ἀσίῃ
1230 2218 1678 2288 περικεκληῒμένον
1718 2226 1853 2293 οὕρεῖ

224 2300 250 2339 ²
275 2297 539 2358 πάντοθεν,
579 2299 868 2368 διασφάγες
905 2300 962 2352 δὲ
996 2302 1089 2351 τοῦ
1130 2300 1306 2368 οὔρεός
1340 2300 1443 2352 εἶσι
1477 2298 1649 2351 πέντε.
1702 2306 1849 2357 τοῦτο

271 2372 332 2420 τὸ
369 2374 544 2427 πεδίον
577 2374 638 2441 ἦν
671 2376 764 2443 μέν
800 2396 914 2429 κοτε
951 2376 1278 2447 Χορασμίων,
1309 2376 1363 2431 ἐν
1389 2380 1593 2447 οὔροισι
1629 2378 1720 2432 ἐὸν
1752 2387 1851 2434 τῶν

273 2448 582 2513 Χορασμίων
619 2473 676 2505 τε
715 2454 880 2505 αὐτῶν
919 2456 1002 2507 καὶ
1041 2453 1331 2525 Ὑρκανίων,
1365 2457 1446 2509 καὶ
1487 2457 1734 2527 Πάρθων,
1772 2462 1849 2515 καὶ

273 2520 590 2589 Σαραγγέων,
617 2529 700 2579 καὶ
736 2532 1056 2598 Θαμαναίων*
1100 2534 1211 2588 ἐπεί
1244 2556 1303 2589 τε
1338 2535 1394 2589 δὲ
1430 2534 1635 2608 Πέρσαι
1667 2538 1850 2609 ἴχουσι

1941 2174 1947 2293 θ
