<?xml version="1.0" encoding="UTF-8"?>
<!DOCTYPE html PUBLIC "-//W3C//DTD XHTML 1.0 Transitional//EN"
    "http://www.w3.org/TR/xhtml1/DTD/xhtml1-transitional.dtd">
<html xmlns="http://www.w3.org/1999/xhtml" xml:lang="en" lang="en">
 <head>
  <title>
</title>
<meta http-equiv="Content-Type" content="text/html;charset=utf-8" />
  <meta name='ocr-system' content='tesseract 3.04.00' />
  <meta name='ocr-capabilities' content='ocr_page ocr_carea ocr_par ocr_line ocrx_word'/>
</head>
<body>
  <div class='ocr_page' id='page_1' title='image "./herodotihistori00westgoog_0402.png"; bbox 0 0 1975 2892; ppageno 0'>
   <div class='ocr_carea' id='block_1_1' title="bbox 305 155 1918 266">
    <p class='ocr_par' dir='ltr' id='par_1_1' title="bbox 305 155 1918 266">
     <span class='ocr_line' id='line_1_1' title="bbox 305 155 1294 211; baseline -0.002 0"><span class='ocrx_word' id='word_1_1' title='bbox 305 155 422 211; x_wconf 83' lang='lat'>358</span> <span class='ocrx_word' id='word_1_2' title='bbox 893 165 1294 211; x_wconf 75' lang='grc' dir='ltr'>ΗΡοΔοΤοΥ</span> 
     </span>
     <span class='ocr_line' id='line_1_2' title="bbox 1534 219 1918 266; baseline -0.005 -8"><span class='ocrx_word' id='word_1_3' title='bbox 1534 219 1629 266; x_wconf 76' lang='grc' dir='ltr'>[Α.</span> <span class='ocrx_word' id='word_1_4' title='bbox 1650 221 1703 259; x_wconf 83' lang='lat' dir='ltr'>c.</span> <span class='ocrx_word' id='word_1_5' title='bbox 1729 221 1918 260; x_wconf 53' lang='lat'>515-2‘02</span> 
     </span>
    </p>
   </div>
   <div class='ocr_carea' id='block_1_2' title="bbox 183 275 1919 2675">
    <p class='ocr_par' dir='ltr' id='par_1_2' title="bbox 183 275 1919 1362">
     <span class='ocr_line' id='line_1_3' title="bbox 305 275 1919 347; baseline -0.004 -13"><span class='ocrx_word' id='word_1_6' title='bbox 305 281 360 334; x_wconf 69' lang='grc' dir='ltr'>αἱ</span> <span class='ocrx_word' id='word_1_7' title='bbox 400 279 456 331; x_wconf 80' lang='grc' dir='ltr'>δὲ</span> <span class='ocrx_word' id='word_1_8' title='bbox 498 275 730 347; x_wconf 73' lang='grc' dir='ltr'>ὑμέτεραι</span> <span class='ocrx_word' id='word_1_9' title='bbox 775 280 1009 347; x_wconf 81' lang='grc' dir='ltr'>γυναῖκες</span> <span class='ocrx_word' id='word_1_10' title='bbox 1054 275 1245 329; x_wconf 74' lang='grc' dir='ltr'>τούτων</span> <span class='ocrx_word' id='word_1_11' title='bbox 1282 277 1376 343; x_wconf 77' lang='grc' dir='ltr'>μὲν</span> <span class='ocrx_word' id='word_1_12' title='bbox 1416 278 1592 330; x_wconf 77' lang='grc' dir='ltr'>οὐδὲν</span> <span class='ocrx_word' id='word_1_13' title='bbox 1642 285 1766 330; x_wconf 80' lang='grc' dir='ltr'>τῶν</span> <span class='ocrx_word' id='word_1_14' title='bbox 1806 282 1919 344; x_wconf 77' lang='grc' dir='ltr'>ἡμεῖς</span> 
     </span>
     <span class='ocr_line' id='line_1_4' title="bbox 309 355 1912 426; baseline 0.001 -17"><span class='ocrx_word' id='word_1_15' title='bbox 309 355 648 424; x_wconf 74' lang='grc' dir='ltr'>κατελέξαμεν</span> <span class='ocrx_word' id='word_1_16' title='bbox 698 360 921 413; x_wconf 85' lang='grc' dir='ltr'>ποιεῦσι,</span> <span class='ocrx_word' id='word_1_17' title='bbox 969 357 1095 426; x_wconf 78' lang='grc' dir='ltr'>ἔργα</span> <span class='ocrx_word' id='word_1_18' title='bbox 1146 356 1203 407; x_wconf 77' lang='grc' dir='ltr'>δὲ</span> <span class='ocrx_word' id='word_1_19' title='bbox 1254 355 1523 424; x_wconf 84' lang='grc' dir='ltr'>γυναικήῖα</span> <span class='ocrx_word' id='word_1_20' title='bbox 1595 357 1912 426; x_wconf 77' lang='grc' dir='ltr'>ἐργάζονται.</span> 
     </span>
     <span class='ocr_line' id='line_1_5' title="bbox 309 431 1913 503; baseline -0.003 -16"><span class='ocrx_word' id='word_1_21' title='bbox 309 437 554 503; x_wconf 76' lang='grc' dir='ltr'>μένουσαι</span> <span class='ocrx_word' id='word_1_22' title='bbox 589 434 644 486; x_wconf 78' lang='grc' dir='ltr'>ἐν</span> <span class='ocrx_word' id='word_1_23' title='bbox 678 438 800 501; x_wconf 81' lang='grc' dir='ltr'>τῇσι</span> <span class='ocrx_word' id='word_1_24' title='bbox 835 434 1082 500; x_wconf 75' lang='grc' dir='ltr'>ἁμάξῃσι,</span> <span class='ocrx_word' id='word_1_25' title='bbox 1112 436 1216 485; x_wconf 80' lang='grc' dir='ltr'>οὔτ’</span> <span class='ocrx_word' id='word_1_26' title='bbox 1244 433 1327 485; x_wconf 81' lang='grc' dir='ltr'>ἐπὶ</span> <span class='ocrx_word' id='word_1_27' title='bbox 1362 431 1524 502; x_wconf 91' lang='grc' dir='ltr'>θήρην</span> <span class='ocrx_word' id='word_1_28' title='bbox 1564 433 1795 494; x_wconf 76' lang='grc' dir='ltr'>ἰοῦσαι,</span> <span class='ocrx_word' id='word_1_29' title='bbox 1824 437 1913 485; x_wconf 76' lang='grc' dir='ltr'>οὔτε</span> 
     </span>
     <span class='ocr_line' id='line_1_6' title="bbox 267 509 1911 580; baseline -0.001 -14"><span class='ocrx_word' id='word_1_30' title='bbox 267 523 292 566; x_wconf 72' lang='grc' dir='ltr'>Ι</span> <span class='ocrx_word' id='word_1_31' title='bbox 311 515 448 580; x_wconf 67' lang='grc' dir='ltr'>ἄλλῃ</span> <span class='ocrx_word' id='word_1_32' title='bbox 487 511 701 579; x_wconf 79' lang='grc' dir='ltr'>οὖδαμῇ.</span> <span class='ocrx_word' id='word_1_33' title='bbox 757 512 848 564; x_wconf 79' lang='grc' dir='ltr'>οὒκ</span> <span class='ocrx_word' id='word_1_34' title='bbox 888 512 948 563; x_wconf 79' lang='grc' dir='ltr'>ἂν</span> <span class='ocrx_word' id='word_1_35' title='bbox 990 510 1059 564; x_wconf 80' lang='grc' dir='ltr'>ὦν</span> <span class='ocrx_word' id='word_1_36' title='bbox 1098 509 1368 577; x_wconf 74' lang='grc' dir='ltr'>δυναίμεθα</span> <span class='ocrx_word' id='word_1_37' title='bbox 1407 510 1668 577; x_wconf 81' lang='grc' dir='ltr'>ἐκείνῃσι</span> <span class='ocrx_word' id='word_1_38' title='bbox 1726 511 1911 580; x_wconf 71' lang='grc' dir='ltr'>συμφὲ·</span> 
     </span>
     <span class='ocr_line' id='line_1_7' title="bbox 311 588 1885 662; baseline 0 -19"><span class='ocrx_word' id='word_1_39' title='bbox 311 591 516 662; x_wconf 81' lang='grc' dir='ltr'>ρεσθαι.</span> <span class='ocrx_word' id='word_1_40' title='bbox 594 588 744 642; x_wconf 75' lang='grc' dir='ltr'>Ἀλλ’</span> <span class='ocrx_word' id='word_1_41' title='bbox 771 589 818 642; x_wconf 74' lang='grc' dir='ltr'>εἶ</span> <span class='ocrx_word' id='word_1_42' title='bbox 854 588 1120 653; x_wconf 71' lang='grc' dir='ltr'>βούλεσθε</span> <span class='ocrx_word' id='word_1_43' title='bbox 1152 591 1388 658; x_wconf 84' lang='grc' dir='ltr'>γυναῖκας</span> <span class='ocrx_word' id='word_1_44' title='bbox 1426 589 1579 656; x_wconf 79' lang='grc' dir='ltr'>ἔχειν</span> <span class='ocrx_word' id='word_1_45' title='bbox 1632 589 1825 657; x_wconf 84' lang='grc' dir='ltr'>ἡμέας,</span> <span class='ocrx_word' id='word_1_46' title='bbox 1852 611 1885 642; x_wconf 71' lang='lat' dir='ltr'>n</span> 
     </span>
     <span class='ocr_line' id='line_1_8' title="bbox 315 663 1911 736; baseline -0.002 -14"><span class='ocrx_word' id='word_1_47' title='bbox 315 668 506 722; x_wconf 76' lang='grc' dir='ltr'>δοκέειν</span> <span class='ocrx_word' id='word_1_48' title='bbox 544 663 669 720; x_wconf 76' lang='grc' dir='ltr'>εἶναι</span> <span class='ocrx_word' id='word_1_49' title='bbox 708 668 1029 728; x_wconf 85' lang='grc' dir='ltr'>δικαιότατοι,</span> <span class='ocrx_word' id='word_1_50' title='bbox 1073 666 1312 720; x_wconf 81' lang='grc' dir='ltr'>ἐλθόντες</span> <span class='ocrx_word' id='word_1_51' title='bbox 1350 668 1489 736; x_wconf 87' lang='grc' dir='ltr'>παρὰ</span> <span class='ocrx_word' id='word_1_52' title='bbox 1528 668 1679 722; x_wconf 77' lang='grc' dir='ltr'>τοὺς</span> <span class='ocrx_word' id='word_1_53' title='bbox 1734 669 1911 725; x_wconf 77' lang='grc' dir='ltr'>τοκέας,</span> 
     </span>
     <span class='ocr_line' id='line_1_9' title="bbox 311 745 1907 816; baseline -0.001 -16"><span class='ocrx_word' id='word_1_54' title='bbox 311 747 606 816; x_wconf 74' lang='grc' dir='ltr'>ἀπολάχετε</span> <span class='ocrx_word' id='word_1_55' title='bbox 631 750 732 798; x_wconf 80' lang='grc' dir='ltr'>τῶν</span> <span class='ocrx_word' id='word_1_56' title='bbox 749 747 1012 812; x_wconf 80' lang='grc' dir='ltr'>κτημάτων</span> <span class='ocrx_word' id='word_1_57' title='bbox 1029 747 1089 798; x_wconf 81' lang='grc' dir='ltr'>τὸ</span> <span class='ocrx_word' id='word_1_58' title='bbox 1115 745 1283 814; x_wconf 85' lang='grc' dir='ltr'>μέρος·</span> <span class='ocrx_word' id='word_1_59' title='bbox 1321 745 1401 796; x_wconf 83' lang='grc' dir='ltr'>καὶ</span> <span class='ocrx_word' id='word_1_60' title='bbox 1426 745 1621 797; x_wconf 77' lang='grc' dir='ltr'>ἔπειτα</span> <span class='ocrx_word' id='word_1_61' title='bbox 1657 747 1907 799; x_wconf 76' lang='grc' dir='ltr'>ἐλθόντες,</span> 
     </span>
     <span class='ocr_line' id='line_1_10' title="bbox 183 819 1911 892; baseline -0.003 -14"><span class='ocrx_word' id='word_1_62' title='bbox 183 825 295 879; x_wconf 81' lang='lat'>115</span> <span class='ocrx_word' id='word_1_63' title='bbox 317 824 556 892; x_wconf 74' lang='grc' dir='ltr'>οἰκέωμεν</span> <span class='ocrx_word' id='word_1_64' title='bbox 607 824 691 876; x_wconf 80' lang='grc' dir='ltr'>ε’πὶ</span> <span class='ocrx_word' id='word_1_65' title='bbox 741 823 905 891; x_wconf 83' lang='grc' dir='ltr'>ἧμέων</span> <span class='ocrx_word' id='word_1_66' title='bbox 957 819 1205 876; x_wconf 78' lang='grc' dir='ltr'>αὖτέων.”</span> <span class='ocrx_word' id='word_1_67' title='bbox 1446 821 1790 877; x_wconf 85' lang='grc' dir='ltr'>Ἐπείθοντο</span> <span class='ocrx_word' id='word_1_68' title='bbox 1850 823 1911 874; x_wconf 76' lang='grc' dir='ltr'>καὶ</span> 
     </span>
     <span class='ocr_line' id='line_1_11' title="bbox 317 900 1913 971; baseline -0.001 -18"><span class='ocrx_word' id='word_1_69' title='bbox 317 902 566 968; x_wconf 80' lang='grc' dir='ltr'>ἐποίησαν</span> <span class='ocrx_word' id='word_1_70' title='bbox 596 903 754 953; x_wconf 82' lang='grc' dir='ltr'>ταῦτα</span> <span class='ocrx_word' id='word_1_71' title='bbox 789 903 840 954; x_wconf 79' lang='grc' dir='ltr'>οἱ</span> <span class='ocrx_word' id='word_1_72' title='bbox 876 902 1150 969; x_wconf 80' lang='grc' dir='ltr'>νεηνίσκοι.</span> <span class='ocrx_word' id='word_1_73' title='bbox 1206 900 1318 953; x_wconf 77' lang='grc' dir='ltr'>ε’πεί</span> <span class='ocrx_word' id='word_1_74' title='bbox 1350 922 1407 953; x_wconf 90' lang='grc' dir='ltr'>τε</span> <span class='ocrx_word' id='word_1_75' title='bbox 1445 901 1504 952; x_wconf 78' lang='grc' dir='ltr'>δὲ</span> <span class='ocrx_word' id='word_1_76' title='bbox 1541 901 1913 971; x_wconf 79' lang='grc' dir='ltr'>ἀπολαχόντες</span> 
     </span>
     <span class='ocr_line' id='line_1_12' title="bbox 317 976 1911 1050; baseline 0.001 -19"><span class='ocrx_word' id='word_1_77' title='bbox 317 985 418 1031; x_wconf 79' lang='grc' dir='ltr'>τῶν</span> <span class='ocrx_word' id='word_1_78' title='bbox 463 980 724 1046; x_wconf 77' lang='grc' dir='ltr'>κτημάτων</span> <span class='ocrx_word' id='word_1_79' title='bbox 766 981 826 1032; x_wconf 87' lang='grc' dir='ltr'>τὸ</span> <span class='ocrx_word' id='word_1_80' title='bbox 869 981 1174 1043; x_wconf 81' lang='grc' dir='ltr'>ἐπιβάλλον,</span> <span class='ocrx_word' id='word_1_81' title='bbox 1216 976 1376 1045; x_wconf 80' lang='grc' dir='ltr'>ἦλθον</span> <span class='ocrx_word' id='word_1_82' title='bbox 1414 977 1592 1031; x_wconf 82' lang='grc' dir='ltr'>ὀπίσω</span> <span class='ocrx_word' id='word_1_83' title='bbox 1642 983 1801 1050; x_wconf 82' lang='grc' dir='ltr'>παρὰ</span> <span class='ocrx_word' id='word_1_84' title='bbox 1838 982 1911 1032; x_wconf 79' lang='grc' dir='ltr'>τὰς</span> 
     </span>
     <span class='ocr_line' id='line_1_13' title="bbox 317 1056 1905 1128; baseline 0 -19"><span class='ocrx_word' id='word_1_85' title='bbox 317 1056 613 1123; x_wconf 73' lang='grc' dir='ltr'>Ἀμαζόνας,</span> <span class='ocrx_word' id='word_1_86' title='bbox 674 1057 864 1123; x_wconf 77' lang='grc' dir='ltr'>ἔλεξαν</span> <span class='ocrx_word' id='word_1_87' title='bbox 920 1061 973 1111; x_wconf 75' lang='grc' dir='ltr'>αἱ</span> <span class='ocrx_word' id='word_1_88' title='bbox 1031 1060 1261 1128; x_wconf 81' lang='grc' dir='ltr'>γυναῖκες</span> <span class='ocrx_word' id='word_1_89' title='bbox 1316 1057 1445 1126; x_wconf 83' lang='grc' dir='ltr'>πρὸς</span> <span class='ocrx_word' id='word_1_90' title='bbox 1504 1056 1715 1112; x_wconf 75' lang='grc' dir='ltr'>αὐτοὺς</span> <span class='ocrx_word' id='word_1_91' title='bbox 1782 1059 1905 1110; x_wconf 83' lang='grc' dir='ltr'>τάδε·</span> 
     </span>
     <span class='ocr_line' id='line_1_14' title="bbox 273 1133 1905 1205; baseline 0 -20"><span class='ocrx_word' id='word_1_92' title='bbox 273 1145 300 1185; x_wconf 74' lang='lat'>2</span> <span class='ocrx_word' id='word_1_93' title='bbox 323 1141 358 1162; x_wconf 86' lang='lat'><strong>“</strong></span> <span class='ocrx_word' id='word_1_94' title='bbox 379 1133 572 1203; x_wconf 88' lang='grc' dir='ltr'>Ἦμέας</span> <span class='ocrx_word' id='word_1_95' title='bbox 606 1137 713 1204; x_wconf 78' lang='grc' dir='ltr'>ἔχει</span> <span class='ocrx_word' id='word_1_96' title='bbox 748 1137 921 1205; x_wconf 85' lang='grc' dir='ltr'>φόβος</span> <span class='ocrx_word' id='word_1_97' title='bbox 956 1157 1013 1188; x_wconf 87' lang='grc' dir='ltr'>τε</span> <span class='ocrx_word' id='word_1_98' title='bbox 1048 1136 1130 1187; x_wconf 79' lang='grc' dir='ltr'>καὶ</span> <span class='ocrx_word' id='word_1_99' title='bbox 1166 1136 1297 1195; x_wconf 84' lang='grc' dir='ltr'>δέος,</span> <span class='ocrx_word' id='word_1_100' title='bbox 1327 1134 1453 1188; x_wconf 85' lang='grc' dir='ltr'>ὅκως</span> <span class='ocrx_word' id='word_1_101' title='bbox 1487 1133 1593 1203; x_wconf 77' lang='grc' dir='ltr'>χρὴ</span> <span class='ocrx_word' id='word_1_102' title='bbox 1636 1135 1835 1188; x_wconf 73' lang='grc' dir='ltr'>οἰκέειν</span> <span class='ocrx_word' id='word_1_103' title='bbox 1862 1136 1905 1186; x_wconf 79' lang='grc' dir='ltr'>ἐν</span> 
     </span>
     <span class='ocr_line' id='line_1_15' title="bbox 320 1212 1902 1286; baseline -0.001 -22"><span class='ocrx_word' id='word_1_104' title='bbox 320 1213 449 1286; x_wconf 70' lang='grc' dir='ltr'>τῷδε</span> <span class='ocrx_word' id='word_1_105' title='bbox 475 1217 546 1285; x_wconf 70' lang='grc' dir='ltr'>τῷ</span> <span class='ocrx_word' id='word_1_106' title='bbox 571 1215 742 1285; x_wconf 73' lang='grc' dir='ltr'>χώρῳ·</span> <span class='ocrx_word' id='word_1_107' title='bbox 781 1217 933 1266; x_wconf 82' lang='grc' dir='ltr'>τοῦτο</span> <span class='ocrx_word' id='word_1_108' title='bbox 959 1214 1071 1280; x_wconf 75' lang='grc' dir='ltr'>μὲν,</span> <span class='ocrx_word' id='word_1_109' title='bbox 1099 1214 1254 1280; x_wconf 79' lang='grc' dir='ltr'>ὑμέας</span> <span class='ocrx_word' id='word_1_110' title='bbox 1277 1212 1731 1281; x_wconf 76' lang='grc' dir='ltr'>ἀποστερησάσας</span> <span class='ocrx_word' id='word_1_111' title='bbox 1757 1213 1902 1266; x_wconf 87' lang='grc' dir='ltr'>πατέ-</span> 
     </span>
     <span class='ocr_line' id='line_1_16' title="bbox 321 1289 1900 1362; baseline 0 -20"><span class='ocrx_word' id='word_1_112' title='bbox 321 1302 442 1362; x_wconf 81' lang='grc' dir='ltr'>ρων·</span> <span class='ocrx_word' id='word_1_113' title='bbox 477 1294 627 1344; x_wconf 83' lang='grc' dir='ltr'>τοῦτο</span> <span class='ocrx_word' id='word_1_114' title='bbox 649 1291 722 1350; x_wconf 79' lang='grc' dir='ltr'>δὲ,</span> <span class='ocrx_word' id='word_1_115' title='bbox 740 1291 832 1359; x_wconf 89' lang='grc' dir='ltr'>τὴν</span> <span class='ocrx_word' id='word_1_116' title='bbox 849 1293 946 1362; x_wconf 82' lang='grc' dir='ltr'>γῆν</span> <span class='ocrx_word' id='word_1_117' title='bbox 960 1292 1053 1359; x_wconf 86' lang='grc' dir='ltr'>τὴν</span> <span class='ocrx_word' id='word_1_118' title='bbox 1072 1290 1311 1360; x_wconf 76' lang='grc' dir='ltr'>ὑμετέρην</span> <span class='ocrx_word' id='word_1_119' title='bbox 1328 1289 1695 1356; x_wconf 82' lang='grc' dir='ltr'>δηλησαμένας</span> <span class='ocrx_word' id='word_1_120' title='bbox 1712 1291 1900 1344; x_wconf 87' lang='grc' dir='ltr'>πολλά.</span> 
     </span>
    </p>

    <p class='ocr_par' dir='ltr' id='par_1_3' title="bbox 190 1367 1901 1828">
     <span class='ocr_line' id='line_1_17' title="bbox 276 1367 1901 1440; baseline -0.001 -19"><span class='ocrx_word' id='word_1_121' title='bbox 276 1379 302 1420; x_wconf 78' lang='lat'><strong>⁸</strong></span> <span class='ocrx_word' id='word_1_122' title='bbox 325 1368 443 1423; x_wconf 82' lang='grc' dir='ltr'>ἀλλ’</span> <span class='ocrx_word' id='word_1_123' title='bbox 473 1369 585 1423; x_wconf 79' lang='grc' dir='ltr'>ἐπεί</span> <span class='ocrx_word' id='word_1_124' title='bbox 609 1391 665 1422; x_wconf 87' lang='grc' dir='ltr'>τε</span> <span class='ocrx_word' id='word_1_125' title='bbox 691 1369 943 1436; x_wconf 65' lang='grc' dir='ltr'>ἀξιοῦτε“</span> <span class='ocrx_word' id='word_1_126' title='bbox 919 1370 1073 1437; x_wconf 89' lang='grc' dir='ltr'>ημέας</span> <span class='ocrx_word' id='word_1_127' title='bbox 1096 1371 1332 1440; x_wconf 82' lang='grc' dir='ltr'>γυναῖκας</span> <span class='ocrx_word' id='word_1_128' title='bbox 1367 1368 1520 1435; x_wconf 77' lang='grc' dir='ltr'>ἔχειν,</span> <span class='ocrx_word' id='word_1_129' title='bbox 1550 1367 1683 1420; x_wconf 88' lang='grc' dir='ltr'>τάδε</span> <span class='ocrx_word' id='word_1_130' title='bbox 1710 1370 1901 1422; x_wconf 80' lang='grc' dir='ltr'>ποιέετε</span> 
     </span>
     <span class='ocr_line' id='line_1_18' title="bbox 325 1446 1899 1518; baseline -0.003 -17"><span class='ocrx_word' id='word_1_131' title='bbox 325 1447 477 1514; x_wconf 68' lang='grc' dir='ltr'>ὅμα“</span> <span class='ocrx_word' id='word_1_132' title='bbox 453 1451 588 1515; x_wconf 84' lang='grc' dir='ltr'>ημῖν·</span> <span class='ocrx_word' id='word_1_133' title='bbox 632 1449 835 1518; x_wconf 82' lang='grc' dir='ltr'>φέρετε,</span> <span class='ocrx_word' id='word_1_134' title='bbox 865 1447 1246 1514; x_wconf 78' lang='grc' dir='ltr'>ἐξαναστέωμεν</span> <span class='ocrx_word' id='word_1_135' title='bbox 1272 1448 1327 1498; x_wconf 82' lang='grc' dir='ltr'>ἐκ</span> <span class='ocrx_word' id='word_1_136' title='bbox 1362 1447 1451 1513; x_wconf 81' lang='grc' dir='ltr'>τῆς</span> <span class='ocrx_word' id='word_1_137' title='bbox 1484 1446 1581 1515; x_wconf 80' lang='grc' dir='ltr'>γῆς</span> <span class='ocrx_word' id='word_1_138' title='bbox 1606 1447 1795 1512; x_wconf 82' lang='grc' dir='ltr'>τῆσδε,</span> <span class='ocrx_word' id='word_1_139' title='bbox 1827 1447 1899 1497; x_wconf 79' lang='grc' dir='ltr'>καὶ</span> 
     </span>
     <span class='ocr_line' id='line_1_19' title="bbox 190 1523 1897 1594; baseline 0 -18"><span class='ocrx_word' id='word_1_140' title='bbox 190 1523 302 1578; x_wconf 84' lang='grc'>116</span> <span class='ocrx_word' id='word_1_141' title='bbox 325 1525 639 1594; x_wconf 86' lang='grc' dir='ltr'>περήσαντες</span> <span class='ocrx_word' id='word_1_142' title='bbox 683 1528 864 1578; x_wconf 84' lang='grc' dir='ltr'>Τάναῒν</span> <span class='ocrx_word' id='word_1_143' title='bbox 907 1527 1159 1592; x_wconf 90' lang='grc' dir='ltr'>ποταμὸν</span> <span class='ocrx_word' id='word_1_144' title='bbox 1182 1524 1436 1592; x_wconf 75' lang='grc' dir='ltr'>οἰκέωμεν.</span> <span class='ocrx_word' id='word_1_145' title='bbox 1729 1524 1897 1577; x_wconf 86' lang='grc' dir='ltr'>Ἐπεί-</span> 
     </span>
     <span class='ocr_line' id='line_1_20' title="bbox 327 1600 1894 1671; baseline -0.001 -15"><span class='ocrx_word' id='word_1_146' title='bbox 327 1604 478 1656; x_wconf 85' lang='grc' dir='ltr'>θοντο</span> <span class='ocrx_word' id='word_1_147' title='bbox 506 1625 587 1656; x_wconf 87' lang='grc' dir='ltr'>και</span> <span class='ocrx_word' id='word_1_148' title='bbox 612 1607 771 1656; x_wconf 82' lang='grc' dir='ltr'>ταῦτα</span> <span class='ocrx_word' id='word_1_149' title='bbox 804 1605 853 1656; x_wconf 82' lang='grc' dir='ltr'>οἶ</span> <span class='ocrx_word' id='word_1_150' title='bbox 891 1604 1159 1671; x_wconf 83' lang='grc' dir='ltr'>νεηνίσκοι.</span> <span class='ocrx_word' id='word_1_151' title='bbox 1206 1603 1468 1666; x_wconf 83' lang='grc' dir='ltr'>διαβάντες</span> <span class='ocrx_word' id='word_1_152' title='bbox 1496 1600 1551 1654; x_wconf 90' lang='grc' dir='ltr'>δε</span> <span class='ocrx_word' id='word_1_153' title='bbox 1580 1602 1674 1654; x_wconf 83' lang='grc' dir='ltr'>τὸν</span> <span class='ocrx_word' id='word_1_154' title='bbox 1701 1606 1894 1664; x_wconf 84' lang='grc' dir='ltr'>Τάναΐν,</span> 
     </span>
     <span class='ocr_line' id='line_1_21' title="bbox 327 1679 1896 1752; baseline -0.001 -19"><span class='ocrx_word' id='word_1_155' title='bbox 327 1682 636 1752; x_wconf 74' lang='grc' dir='ltr'>ὁδοιπόρεον</span> <span class='ocrx_word' id='word_1_156' title='bbox 671 1684 800 1751; x_wconf 82' lang='grc' dir='ltr'>πρὸς</span> <span class='ocrx_word' id='word_1_157' title='bbox 839 1681 988 1750; x_wconf 77' lang='grc' dir='ltr'>ἥλιον</span> <span class='ocrx_word' id='word_1_158' title='bbox 1026 1680 1303 1748; x_wconf 79' lang='grc' dir='ltr'>ἀνίσχοντα</span> <span class='ocrx_word' id='word_1_159' title='bbox 1349 1684 1502 1750; x_wconf 80' lang='grc' dir='ltr'>τριῶν</span> <span class='ocrx_word' id='word_1_160' title='bbox 1541 1680 1635 1746; x_wconf 81' lang='grc' dir='ltr'>μὲν</span> <span class='ocrx_word' id='word_1_161' title='bbox 1676 1679 1896 1750; x_wconf 84' lang='grc' dir='ltr'>ἡμερέων</span> 
     </span>
     <span class='ocr_line' id='line_1_22' title="bbox 325 1757 1893 1828; baseline 0.001 -17"><span class='ocrx_word' id='word_1_162' title='bbox 325 1759 428 1812; x_wconf 76' lang='grc' dir='ltr'>ἀπὸ</span> <span class='ocrx_word' id='word_1_163' title='bbox 465 1763 556 1812; x_wconf 83' lang='grc' dir='ltr'>τοῦ</span> <span class='ocrx_word' id='word_1_164' title='bbox 590 1761 830 1814; x_wconf 84' lang='grc' dir='ltr'>Τανάῖδος</span> <span class='ocrx_word' id='word_1_165' title='bbox 865 1761 1003 1819; x_wconf 85' lang='grc' dir='ltr'>ὁδὸν,</span> <span class='ocrx_word' id='word_1_166' title='bbox 1032 1764 1184 1828; x_wconf 82' lang='grc' dir='ltr'>τριῶν</span> <span class='ocrx_word' id='word_1_167' title='bbox 1224 1759 1279 1810; x_wconf 77' lang='grc' dir='ltr'>δὲ</span> <span class='ocrx_word' id='word_1_168' title='bbox 1318 1757 1418 1810; x_wconf 81' lang='grc' dir='ltr'>άπὸ</span> <span class='ocrx_word' id='word_1_169' title='bbox 1458 1758 1548 1824; x_wconf 87' lang='grc' dir='ltr'>τῆς</span> <span class='ocrx_word' id='word_1_170' title='bbox 1585 1757 1773 1824; x_wconf 84' lang='grc' dir='ltr'>λίμνης</span> <span class='ocrx_word' id='word_1_171' title='bbox 1812 1762 1893 1826; x_wconf 84' lang='grc' dir='ltr'>τῆς</span> 
     </span>
    </p>

    <p class='ocr_par' dir='ltr' id='par_1_4' title="bbox 277 1835 1892 2063">
     <span class='ocr_line' id='line_1_23' title="bbox 277 1835 1892 1909; baseline -0.001 -20"><span class='ocrx_word' id='word_1_172' title='bbox 277 1845 304 1884; x_wconf 73' lang='lat'>²</span> <span class='ocrx_word' id='word_1_173' title='bbox 329 1836 606 1904; x_wconf 74' lang='grc' dir='ltr'>Μαιήτιδος</span> <span class='ocrx_word' id='word_1_174' title='bbox 631 1841 760 1908; x_wconf 89' lang='grc' dir='ltr'>πρὸς</span> <span class='ocrx_word' id='word_1_175' title='bbox 783 1840 947 1909; x_wconf 85' lang='grc' dir='ltr'>βορῆν</span> <span class='ocrx_word' id='word_1_176' title='bbox 971 1837 1172 1903; x_wconf 75' lang='grc' dir='ltr'>ἄνεμον.</span> <span class='ocrx_word' id='word_1_177' title='bbox 1216 1836 1507 1903; x_wconf 76' lang='grc' dir='ltr'>ἀπικόμενοι</span> <span class='ocrx_word' id='word_1_178' title='bbox 1542 1835 1597 1887; x_wconf 74' lang='grc' dir='ltr'>δὲ</span> <span class='ocrx_word' id='word_1_179' title='bbox 1633 1835 1689 1889; x_wconf 76' lang='grc' dir='ltr'>ἐς</span> <span class='ocrx_word' id='word_1_180' title='bbox 1714 1840 1892 1888; x_wconf 84' lang='grc' dir='ltr'>τοῦτον</span> 
     </span>
     <span class='ocr_line' id='line_1_24' title="bbox 325 1911 1891 1988; baseline 0 -22"><span class='ocrx_word' id='word_1_181' title='bbox 325 1916 416 1966; x_wconf 86' lang='grc' dir='ltr'>τὸν</span> <span class='ocrx_word' id='word_1_182' title='bbox 439 1920 627 1983; x_wconf 85' lang='grc' dir='ltr'>χῶρον,</span> <span class='ocrx_word' id='word_1_183' title='bbox 658 1916 712 1967; x_wconf 79' lang='grc' dir='ltr'>ἐν</span> <span class='ocrx_word' id='word_1_184' title='bbox 745 1919 816 1988; x_wconf 76' lang='grc' dir='ltr'>τῷ</span> <span class='ocrx_word' id='word_1_185' title='bbox 853 1920 939 1968; x_wconf 83' lang='grc' dir='ltr'>νῦν</span> <span class='ocrx_word' id='word_1_186' title='bbox 973 1914 1305 1980; x_wconf 86' lang='grc' dir='ltr'>κατοίκηνται,</span> <span class='ocrx_word' id='word_1_187' title='bbox 1336 1911 1546 1979; x_wconf 73' lang='grc' dir='ltr'>οἴκησαν</span> <span class='ocrx_word' id='word_1_188' title='bbox 1570 1915 1765 1965; x_wconf 89' lang='grc' dir='ltr'>τοῦτον.</span> <span class='ocrx_word' id='word_1_189' title='bbox 1814 1914 1891 1966; x_wconf 83' lang='grc' dir='ltr'>καὶ</span> 
     </span>
     <span class='ocr_line' id='line_1_25' title="bbox 327 1990 1889 2063; baseline -0.001 -18"><span class='ocrx_word' id='word_1_190' title='bbox 327 1992 490 2058; x_wconf 79' lang='grc' dir='ltr'>διαίτῃ</span> <span class='ocrx_word' id='word_1_191' title='bbox 511 1992 612 2044; x_wconf 84' lang='grc' dir='ltr'>α’πὸ</span> <span class='ocrx_word' id='word_1_192' title='bbox 638 1990 821 2045; x_wconf 79' lang='grc' dir='ltr'>τούτου</span> <span class='ocrx_word' id='word_1_193' title='bbox 845 1993 1093 2063; x_wconf 89' lang='grc' dir='ltr'>χρέωνται</span> <span class='ocrx_word' id='word_1_194' title='bbox 1119 1993 1181 2059; x_wconf 82' lang='grc' dir='ltr'>τῇ</span> <span class='ocrx_word' id='word_1_195' title='bbox 1205 1994 1399 2058; x_wconf 83' lang='grc' dir='ltr'>παλαιῇ</span> <span class='ocrx_word' id='word_1_196' title='bbox 1422 1995 1522 2042; x_wconf 87' lang='grc' dir='ltr'>τῶν</span> <span class='ocrx_word' id='word_1_197' title='bbox 1537 1993 1889 2057; x_wconf 86' lang='grc' dir='ltr'>Σαυροματέων</span> 
     </span>
    </p>

    <p class='ocr_par' dir='ltr' id='par_1_5' title="bbox 327 2064 1887 2141">
     <span class='ocr_line' id='line_1_26' title="bbox 327 2064 1887 2141; baseline -0.003 -17"><span class='ocrx_word' id='word_1_198' title='bbox 327 2071 378 2124; x_wconf 66' lang='grc' dir='ltr'>αἶ</span> <span class='ocrx_word' id='word_1_199' title='bbox 403 2072 648 2141; x_wconf 86' lang='grc' dir='ltr'>γυναῖκες,</span> <span class='ocrx_word' id='word_1_200' title='bbox 680 2072 760 2123; x_wconf 82' lang='grc' dir='ltr'>καὶ</span> <span class='ocrx_word' id='word_1_201' title='bbox 801 2072 884 2124; x_wconf 79' lang='grc' dir='ltr'>ε’πὶ</span> <span class='ocrx_word' id='word_1_202' title='bbox 925 2070 1082 2140; x_wconf 81' lang='grc' dir='ltr'>θήρην</span> <span class='ocrx_word' id='word_1_203' title='bbox 1122 2071 1204 2123; x_wconf 80' lang='grc' dir='ltr'>ἐπὶ</span> <span class='ocrx_word' id='word_1_204' title='bbox 1243 2064 1411 2122; x_wconf 79' lang='grc' dir='ltr'>ἵππων</span> <span class='ocrx_word' id='word_1_205' title='bbox 1445 2069 1749 2136; x_wconf 84' lang='grc' dir='ltr'>ἐκφοιτῶσαι</span> <span class='ocrx_word' id='word_1_206' title='bbox 1786 2071 1887 2136; x_wconf 82' lang='grc' dir='ltr'>ἅμα</span> 
     </span>
    </p>

    <p class='ocr_par' dir='ltr' id='par_1_6' title="bbox 193 2145 1881 2447">
     <span class='ocr_line' id='line_1_27' title="bbox 275 2145 1881 2218; baseline -0.002 -16"><span class='ocrx_word' id='word_1_207' title='bbox 275 2157 284 2164; x_wconf 88' lang='grc'><em>“</em></span> <span class='ocrx_word' id='word_1_208' title='bbox 327 2151 465 2202; x_wconf 82' lang='grc' dir='ltr'>τοῖσι</span> <span class='ocrx_word' id='word_1_209' title='bbox 505 2147 721 2218; x_wconf 78' lang='grc' dir='ltr'>ἀνδράσι</span> <span class='ocrx_word' id='word_1_210' title='bbox 753 2149 844 2218; x_wconf 29' lang='grc' dir='ltr'>,καὶ</span> <span class='ocrx_word' id='word_1_211' title='bbox 881 2150 1041 2218; x_wconf 82' lang='grc' dir='ltr'>χωρὶς</span> <span class='ocrx_word' id='word_1_212' title='bbox 1080 2153 1180 2200; x_wconf 88' lang='grc' dir='ltr'>τῶν</span> <span class='ocrx_word' id='word_1_213' title='bbox 1218 2147 1428 2215; x_wconf 80' lang='grc' dir='ltr'>ἀνδρῶν,</span> <span class='ocrx_word' id='word_1_214' title='bbox 1459 2147 1541 2198; x_wconf 87' lang='grc' dir='ltr'>καὶ</span> <span class='ocrx_word' id='word_1_215' title='bbox 1579 2145 1627 2199; x_wconf 78' lang='grc' dir='ltr'>ἐς</span> <span class='ocrx_word' id='word_1_216' title='bbox 1661 2148 1881 2212; x_wconf 86' lang='grc' dir='ltr'>πόλεμον</span> 
     </span>
     <span class='ocr_line' id='line_1_28' title="bbox 328 2223 1872 2297; baseline -0.001 -19"><span class='ocrx_word' id='word_1_217' title='bbox 328 2230 604 2297; x_wconf 81' lang='grc' dir='ltr'>φοιτῶσαι,</span> <span class='ocrx_word' id='word_1_218' title='bbox 635 2229 714 2280; x_wconf 80' lang='grc' dir='ltr'>καὶ</span> <span class='ocrx_word' id='word_1_219' title='bbox 743 2228 938 2293; x_wconf 89' lang='grc' dir='ltr'>στολὴν</span> <span class='ocrx_word' id='word_1_220' title='bbox 963 2227 1055 2293; x_wconf 89' lang='grc' dir='ltr'>τὴν</span> <span class='ocrx_word' id='word_1_221' title='bbox 1081 2225 1235 2292; x_wconf 77' lang='grc' dir='ltr'>αὐτὴν</span> <span class='ocrx_word' id='word_1_222' title='bbox 1262 2227 1400 2276; x_wconf 83' lang='grc' dir='ltr'>τοῖσι</span> <span class='ocrx_word' id='word_1_223' title='bbox 1428 2224 1637 2293; x_wconf 77' lang='grc' dir='ltr'>ἀνδράσι</span> <span class='ocrx_word' id='word_1_224' title='bbox 1662 2223 1872 2292; x_wconf 88' lang='grc' dir='ltr'>φορέου-</span> 
     </span>
     <span class='ocr_line' id='line_1_29' title="bbox 193 2300 1869 2372; baseline -0.005 -15"><span class='ocrx_word' id='word_1_225' title='bbox 193 2303 306 2362; x_wconf 85' lang='grc'>117</span> <span class='ocrx_word' id='word_1_226' title='bbox 330 2325 436 2356; x_wconf 89' lang='grc' dir='ltr'>σαι.</span> <span class='ocrx_word' id='word_1_227' title='bbox 677 2309 823 2370; x_wconf 81' lang='grc' dir='ltr'>Φωνῇ</span> <span class='ocrx_word' id='word_1_228' title='bbox 859 2305 913 2356; x_wconf 79' lang='grc' dir='ltr'>δὲ</span> <span class='ocrx_word' id='word_1_229' title='bbox 949 2305 1000 2354; x_wconf 76' lang='grc' dir='ltr'>οἱ</span> <span class='ocrx_word' id='word_1_230' title='bbox 1026 2303 1339 2372; x_wconf 86' lang='grc' dir='ltr'>Σαυρομάται</span> <span class='ocrx_word' id='word_1_231' title='bbox 1368 2301 1626 2369; x_wconf 78' lang='grc' dir='ltr'>νομίζουσι</span> <span class='ocrx_word' id='word_1_232' title='bbox 1650 2300 1869 2367; x_wconf 82' lang='grc' dir='ltr'>Σκυθικῇ,</span> 
     </span>
     <span class='ocr_line' id='line_1_30' title="bbox 327 2378 1869 2447; baseline 0.001 -17"><span class='ocrx_word' id='word_1_233' title='bbox 327 2381 703 2444; x_wconf 74' lang='grc' dir='ltr'>σολοικίζοντες</span> <span class='ocrx_word' id='word_1_234' title='bbox 737 2381 860 2446; x_wconf 78' lang='grc' dir='ltr'>αὐτῇ</span> <span class='ocrx_word' id='word_1_235' title='bbox 899 2381 1000 2432; x_wconf 80' lang='grc' dir='ltr'>ἀπὸ</span> <span class='ocrx_word' id='word_1_236' title='bbox 1036 2384 1128 2431; x_wconf 86' lang='grc' dir='ltr'>τοῦ</span> <span class='ocrx_word' id='word_1_237' title='bbox 1162 2378 1397 2447; x_wconf 86' lang='grc' dir='ltr'>α’ρχαίου,</span> <span class='ocrx_word' id='word_1_238' title='bbox 1428 2379 1537 2431; x_wconf 76' lang='grc' dir='ltr'>ἐπεὶ</span> <span class='ocrx_word' id='word_1_239' title='bbox 1569 2378 1624 2429; x_wconf 81' lang='grc' dir='ltr'>οὗ</span> <span class='ocrx_word' id='word_1_240' title='bbox 1648 2384 1869 2445; x_wconf 83' lang='grc' dir='ltr'>χρηστῶς</span> 
     </span>
    </p>

    <p class='ocr_par' dir='ltr' id='par_1_7' title="bbox 277 2454 1871 2600">
     <span class='ocr_line' id='line_1_31' title="bbox 277 2454 1871 2524; baseline 0.002 -19"><span class='ocrx_word' id='word_1_241' title='bbox 277 2466 305 2505; x_wconf 78' lang='lat'>2</span> <span class='ocrx_word' id='word_1_242' title='bbox 325 2454 570 2518; x_wconf 77' lang='grc' dir='ltr'>ἐξέμαθον</span> <span class='ocrx_word' id='word_1_243' title='bbox 595 2456 750 2522; x_wconf 79' lang='grc' dir='ltr'>αὐτὴν</span> <span class='ocrx_word' id='word_1_244' title='bbox 785 2459 838 2507; x_wconf 82' lang='grc' dir='ltr'>αἱ</span> <span class='ocrx_word' id='word_1_245' title='bbox 863 2455 1153 2522; x_wconf 79' lang='grc' dir='ltr'>Ἀμαζόνες.</span> <span class='ocrx_word' id='word_1_246' title='bbox 1236 2456 1309 2506; x_wconf 80' lang='grc' dir='ltr'>Τὰ</span> <span class='ocrx_word' id='word_1_247' title='bbox 1344 2455 1461 2524; x_wconf 81' lang='grc' dir='ltr'>περὶ</span> <span class='ocrx_word' id='word_1_248' title='bbox 1494 2456 1662 2524; x_wconf 83' lang='grc' dir='ltr'>γάμων</span> <span class='ocrx_word' id='word_1_249' title='bbox 1692 2455 1743 2506; x_wconf 80' lang='grc' dir='ltr'>δὲ</span> <span class='ocrx_word' id='word_1_250' title='bbox 1774 2455 1871 2508; x_wconf 76' lang='grc' dir='ltr'>ὧδέ</span> 
     </span>
     <span class='ocr_line' id='line_1_32' title="bbox 321 2529 1867 2600; baseline 0.005 -23"><span class='ocrx_word' id='word_1_251' title='bbox 321 2529 425 2591; x_wconf 83' lang='grc' dir='ltr'>σφι</span> <span class='ocrx_word' id='word_1_252' title='bbox 461 2529 725 2582; x_wconf 86' lang='grc' dir='ltr'>διακέεται·</span> <span class='ocrx_word' id='word_1_253' title='bbox 771 2533 832 2583; x_wconf 85' lang='grc' dir='ltr'>οὗ</span> <span class='ocrx_word' id='word_1_254' title='bbox 864 2533 1104 2600; x_wconf 80' lang='grc' dir='ltr'>γαμέεται</span> <span class='ocrx_word' id='word_1_255' title='bbox 1138 2530 1388 2600; x_wconf 90' lang='grc' dir='ltr'>παρθένος</span> <span class='ocrx_word' id='word_1_256' title='bbox 1422 2532 1641 2598; x_wconf 79' lang='grc' dir='ltr'>οὐδεμία,</span> <span class='ocrx_word' id='word_1_257' title='bbox 1667 2533 1772 2600; x_wconf 78' lang='grc' dir='ltr'>πρὶν</span> <span class='ocrx_word' id='word_1_258' title='bbox 1806 2533 1867 2585; x_wconf 82' lang='grc' dir='ltr'>ἂν</span> 
     </span>
    </p>

    <p class='ocr_par' dir='ltr' id='par_1_8' title="bbox 271 2604 1865 2675">
     <span class='ocr_line' id='line_1_33' title="bbox 271 2604 1865 2675; baseline 0.011 -28"><span class='ocrx_word' id='word_1_259' title='bbox 271 2609 299 2648; x_wconf 75' lang='lat'>⁸</span> <span class='ocrx_word' id='word_1_260' title='bbox 319 2604 418 2650; x_wconf 81' lang='grc' dir='ltr'>τῶν</span> <span class='ocrx_word' id='word_1_261' title='bbox 443 2605 703 2668; x_wconf 86' lang='grc' dir='ltr'>πολεμίων</span> <span class='ocrx_word' id='word_1_262' title='bbox 728 2606 886 2675; x_wconf 75' lang='grc' dir='ltr'>ἄνδρα</span> <span class='ocrx_word' id='word_1_263' title='bbox 911 2607 1201 2674; x_wconf 78' lang='grc' dir='ltr'>ἀποκτείνῃ.</span> <span class='ocrx_word' id='word_1_264' title='bbox 1244 2609 1297 2660; x_wconf 70' lang='grc' dir='ltr'>αἱ</span> <span class='ocrx_word' id='word_1_265' title='bbox 1333 2607 1392 2660; x_wconf 78' lang='grc' dir='ltr'>δέ</span> <span class='ocrx_word' id='word_1_266' title='bbox 1424 2627 1558 2662; x_wconf 85' lang='grc' dir='ltr'>τινες</span> <span class='ocrx_word' id='word_1_267' title='bbox 1589 2608 1759 2661; x_wconf 73' lang='grc' dir='ltr'>αὐτέων</span> <span class='ocrx_word' id='word_1_268' title='bbox 1783 2611 1865 2664; x_wconf 75' lang='grc' dir='ltr'>καὶ</span> 
     </span>
    </p>
   </div>
  </div>
 </body>
</html>
