1975 2892
572 124 951 170 KAEIo.—1.
987 131 1220 184 151·155.
1615 114 1692 167 85

92 188 247 229 01.58.
272 188 333 237 8.]

102 240 531 311 ἀποδεδεγμένος,
562 240 614 295 ἐς
644 243 735 294 τὸν
761 244 1136 313 συλλεγόμενοι
1163 243 1426 315 ἀλλήλους
1453 247 1696 314 ὄμοῦντες

101 318 427 383 ἐξαπατῶσι.
469 321 629 378 τοῖσι,
658 318 719 387 ἢν
754 322 855 392 ἐγὼ
890 322 1119 391 ὑγιαίνω,
1149 324 1210 375 οὗ
1234 324 1298 375 τὰ
1323 323 1506 377 Ἰώνων
1531 326 1692 379 πάθεα
1713 340 1739 380 8

102 398 267 448 ἔσται·
287 397 542 465 ἔλλεσχα,
570 397 709 450 ἀλλὰ
734 400 799 451 τὰ
825 396 1048 466 οἶκὴἰ“α.”
1089 404 1258 452 Ταῦτα
1283 401 1334 455 ἐς
1361 402 1480 457 τοὺς
1503 406 1694 458 πάντας
1712 416 1738 455 4

92 474 365 541 Ἕλληνας
391 474 650 544 ἀπέρριψε
677 479 705 528 ὁ
734 480 901 546 Κῦρος
926 478 990 528 τὰ
1017 478 1158 538 ἔπεα,
1181 477 1260 529 ὅτι
1285 480 1475 550 ἀγορὰς
1500 484 1690 547 κτησά-

98 573 255 620 μενοι
282 552 381 619 ὠνῇ
407 574 464 605 τε
491 552 572 604 καὶ
592 551 781 623 πρῆσει
805 555 1074 623 χρέωνται.
1119 555 1262 608 αὐτοὶ
1287 558 1388 627 γὰρ
1416 558 1466 609 οἱ
1491 561 1689 627 Πέρσαι
1711 570 1737 611 ὅ

96 630 332 701 ἀγορῇσι
366 630 513 682 οὐδὲν
544 630 735 685 ἐώθασι
768 631 1016 702 χρῆσθαι,
1044 632 1168 685 οὐδέ
1200 634 1307 703 σφί
1345 633 1462 686 ἐστι
1497 638 1556 701 τὸ
1591 658 1688 688 πα-

95 710 277 778 ράπαν
310 706 492 778 ἀγορή.
562 710 709 762 Μετὰ
742 714 901 762 ταῦτα
935 707 1220 781 ἐπιτρέψας
1253 712 1345 765 τὰς
1378 713 1472 778 μὲν
1507 714 1689 782 Σάρδις
1709 728 1736 769 6

94 786 329 857 Ταβάλῳ
364 786 509 855 ἀνδρὶ
543 786 744 855 Πέρσῃ,
774 789 863 839 τὸν
898 788 953 840 δὲ
988 790 1206 857 χρυσὸν,
1241 793 1331 842 τόν
1365 811 1422 842 τε
1459 790 1690 859 Κροίσου

95 864 185 915 καὶ
212 865 307 915 τὸν
330 868 431 915 τῶν
450 864 628 916 ἄλλων
653 866 848 925 Λυδῶν,
878 864 1086 933 Πακτύῃ
1107 866 1252 937 ἀνδρὶ
1272 868 1421 939 Λυδῷ
1447 869 1684 935 κομίζειν,

92 938 365 1007 ἀπήλαυνε
390 942 541 996 αὐτὸς
560 942 611 996 ἐς
636 940 945 1012 Ἀγβάτανα,
969 945 1195 1013 Κροῖσόν
1218 966 1274 997 τε
1293 946 1396 1012 ἅμα
1421 946 1684 1016 ἀγόμενος,

94 1021 183 1071 καὶ
210 1017 535 1075 τοὺςἿωνας
562 1020 616 1073 ἐν
635 1021 803 1073 οὐδενὶ
826 1023 969 1093 λόγῳ
997 1022 1340 1089 ποιησάμενος
1365 1022 1456 1089 τὴν
1481 1027 1686 1093 πρώτην

93 1093 249 1149 εἶναι.
295 1096 331 1165 ἤ
346 1118 401 1149 τε
418 1098 520 1167 γὰρ
548 1099 797 1162 Βαβυλών
817 1099 865 1150 οἱ
892 1096 953 1164 ἦν
968 1099 1226 1166 ἐμπόδιος,
1251 1102 1330 1153 καὶ
1351 1102 1409 1153 τὸ
1439 1103 1684 1171 Βάκτριον
1705 1116 1728 1158 7

92 1175 267 1239 ἔθνος,
306 1175 387 1227 καὶ
426 1177 580 1229 Σάκαι
625 1197 681 1228 τε
727 1177 809 1229 καὶ
850 1175 1135 1242 Αἰγύπτιοι,
1175 1176 1252 1231 ἐπ’
1289 1178 1377 1233 οὓς
1415 1179 1592 1247 ἐπεῖχέ
1629 1202 1685 1233 τε

95 1253 499 1323 στρατηλατέειν
524 1256 692 1314 αὐτὸς,
716 1254 800 1307 ἐπὶ
826 1254 880 1307 δὲ
896 1252 1078 1310 Ἴωνας
1097 1256 1261 1309 ἄλλον
1285 1256 1502 1325 πέμπειν
1523 1278 1686 1327 στρα-

92 1334 278 1401 τηγόν.
514 1331 605 1387 Ὦς
630 1332 686 1384 δὲ
714 1330 951 1399 ἀπήλασε
978 1336 1007 1385 ὁ
1036 1336 1202 1404 Κῦρος
1228 1334 1284 1386 ἐκ
1309 1340 1410 1387 τῶν
1436 1336 1679 1403 Σαρδίων,
1713 1336 1816 1387 154

92 1409 221 1464 τοὺς
247 1409 441 1465 Λυδοὺς
476 1409 741 1475 ἀπέστησε
768 1412 797 1461 ὁ
833 1408 1067 1477 Πακτύης
1093 1411 1194 1465 ἀπό
1229 1432 1287 1463 τε
1320 1413 1564 1475 Ταβάλου
1601 1413 1683 1465 καὶ

92 1485 292 1557 Κύρου·
336 1490 559 1551 καταβὰς
586 1489 641 1542 δὲ
669 1488 751 1541 ἐπὶ
780 1486 1071 1548 θάλασσαν,
1095 1489 1186 1540 ἅτε
1208 1490 1300 1540 τὸν
1323 1490 1524 1558 χρυσὸν
1550 1489 1682 1557 ἔχων

90 1568 264 1620 πάντα
288 1567 379 1618 τὸν
404 1566 459 1617 ἐκ
484 1571 585 1618 τῶν
604 1566 847 1635 Σαρδίων,
877 1563 1174 1635 ἐπικούρους
1199 1587 1257 1617 τε
1281 1565 1576 1634 ἐμισθοῦτο,
1599 1568 1682 1619 καὶ

90 1643 218 1698 τοὺς
246 1642 654 1697 ἐπιθαλασσίους
680 1642 975 1712 ἀνθρώπους
1001 1642 1172 1695 ἔπειθε
1197 1643 1294 1695 σὺν
1321 1644 1490 1715 ἑωυτῷ
1519 1664 1678 1713 στρα-

90 1719 357 1774 τεύεσθαι.
422 1722 622 1777 ἐλάσας
648 1722 703 1775 δὲ
731 1722 814 1774 ἐπὶ
839 1722 931 1775 τὰς
957 1721 1156 1791 Σάρδις,
1186 1721 1480 1792 ἐπολιόρκεε
1506 1724 1676 1785 Τάβα-

90 1800 209 1858 λον,
240 1798 553 1867 ἀπεργμένον
580 1800 633 1852 ἐν
660 1801 719 1865 τῇ
747 1799 1041 1863 ἀκροπόλει.

174 1872 469 1943 Πυθόμενος
509 1874 563 1926 δὲ
601 1872 706 1926 κατ’
746 1874 865 1925 ὁδὸν
904 1876 1060 1926 ταῦτα
1103 1875 1132 1925 ὁ
1168 1877 1348 1945 Κῦρος,
1387 1872 1498 1929 εἶπε
1539 1875 1668 1947 πρὸς
1705 1878 1814 1931 155

90 1955 324 2021 Κροῖσον
362 1952 502 2004 τάδε·
584 1955 617 1980 “
639 1953 847 2021 Κροῖσε,
888 1951 942 2004 τί
979 1953 1126 2005 ἔσται
1165 1954 1225 2005 τὸ
1259 1952 1416 2009 τέλος
1449 1958 1550 2006 τῶν
1583 1974 1664 2023 γι-

91 2029 313 2097 νομένων
346 2027 540 2082 τοῦτων
575 2028 689 2097 ἐμοί
703 2052 721 2089 ,·
761 2030 820 2081 οὗ
855 2027 1137 2083 παύσονται
1174 2032 1342 2093 Λυδοὶ,
1373 2032 1441 2086 ὧς
1476 2029 1663 2093 οἴκασι,

92 2107 367 2177 πρήγματα
392 2108 719 2176 παρέχοντες,
748 2108 831 2160 καὶ
856 2109 1000 2161 αὐτοὶ
1035 2110 1258 2176 ἔχοντες.
1303 2110 1577 2178 φροντίζω,
1606 2109 1676 2175 μὴ

93 2186 311 2255 ἄριστον
334 2180 369 2252 ᾗ
404 2185 938 2255 ἐξανδραποδίσασθαί
972 2188 1162 2253 σφεας.
1191 2182 1196 2187 ’
1243 2186 1432 2253 ὁμοίως
1465 2187 1563 2254 γάρ
1589 2205 1676 2252 μοι
1696 2200 1720 2240 2

92 2267 182 2316 νῦν
220 2283 286 2333 γε
323 2262 569 2331 φαίνομαι
620 2264 960 2330 πεποιηκέναι,
1001 2264 1068 2317 ὣς
1113 2260 1162 2314 εἴ
1197 2284 1274 2316 τις
1318 2262 1512 2331 πατέρα
1549 2262 1675 2314 ἀπο-

92 2341 307 2400 κτείνας,
346 2346 447 2393 τῶν
490 2340 686 2394 παίδων
724 2342 879 2393 αὐτοῦ
916 2340 1178 2409 φείσαιτο·
1244 2340 1312 2393 ὣς
1349 2340 1404 2392 δὲ
1449 2340 1530 2391 καὶ
1577 2339 1678 2408 ἐγὼ

93 2420 271 2471 Λυδῶν
298 2420 386 2470 τὸν
414 2419 507 2486 μὲν
530 2418 691 2472 πλέον
718 2438 767 2471 τι
794 2417 823 2485 ἢ
851 2418 1044 2488 πατέρα
1071 2417 1219 2469 ε’όντα
1246 2416 1311 2468 σὲ
1344 2416 1523 2479 λαβὼν
1547 2415 1675 2484 ἄγω,

92 2496 297 2549 αὐτοῖσι
340 2496 396 2548 δὲ
444 2496 660 2549 Λυδοῖσι
693 2496 785 2562 τὴν
828 2498 984 2547 πόλιν
1025 2494 1312 2564 παρέδωκα·
1385 2493 1466 2544 καὶ
1505 2493 1680 2545 ἔπειτα

96 2573 343 2641 θωυμάζω
382 2570 432 2626 εἴ
464 2594 554 2641 μοι
592 2573 852 2626 ἀπεστᾶσι
872 2569 934 2634 ;”
974 2570 1035 2624 ‘0
1075 2572 1172 2640 μὲν
1208 2570 1270 2638 δὴ
1309 2570 1373 2623 τά
1410 2590 1508 2640 περ
1547 2569 1676 2627 νόεε,
1696 2584 1722 2625 8
