1975 2892
254 29 362 86 192
835 39 1238 84 ΗΡοΔοΤοΥ

1537 95 1668 142 [A.0.
1689 96 1840 136 1100-

118 147 234 204 134
340 149 608 216 Πυραμίδα
652 148 709 201 δὲ
755 147 837 201 καὶ
890 144 1038 202 οὗτος
1090 146 1370 201 ἀπελίπετο
1413 153 1619 204 πολλὸν
1664 153 1835 205 ἐλάσ-

250 251 328 282 σω
355 233 446 284 τοῦ
472 231 679 298 πατρὸς,
710 228 901 281 ἐείκοσι
939 228 1112 282 ποδῶν
1137 227 1482 280 καταδέουσαν
1517 231 1686 280 κῶλον
1712 228 1824 280 ἕκα-

250 329 377 362 στον
414 311 567 378 τριῶν
604 305 860 377 πλέθρων,
890 304 1077 373 ἐούσης
1115 306 1450 376 τετραγώνου,
1489 306 1642 359 λίθου
1683 307 1738 359 δὲ
1775 307 1826 361 ἐς

246 387 307 438 τὸ
334 385 493 454 ἥμισυ
532 384 848 438 Αἰθιοπικοῦ·
892 383 984 452 τὴν
1016 383 1076 452 δὴ
1116 383 1434 454 μετεξέτεροί
1469 385 1608 453 φασι
1631 382 1826 450 Ἐλλῆ-

248 485 348 518 νων
372 463 645 518 Ῥοδώπιος
672 463 870 533 ἑταίρης
894 464 1131 532 γυναικὸς
1161 456 1304 522 εἶναι,
1334 462 1426 514 οὐκ
1451 461 1614 532 ὀρθῶς
1638 463 1828 532 λέγον-

202 554 228 595 2
248 563 351 596 τες.
394 542 453 595 οὗ
482 542 536 596 δὲ
574 540 643 594 ὦν
674 541 791 594 οὐδὲ
827 541 1017 596 εἰδότες
1051 561 1138 609 μοι
1177 540 1444 609 φαίνονται
1478 541 1647 610 λέγειν
1684 539 1832 593 οὗτοι

248 620 358 688 ἥτις
394 617 457 687 ἦν
490 619 520 687 ἡ
551 618 811 674 Ῥοδῶπις·
856 619 917 671 οὗ
952 619 1054 689 γὰρ
1100 617 1161 671 ἅν
1195 619 1244 670 οἱ
1283 618 1541 688 πυραμίδα
1579 617 1833 672 ἀνέθεσαν

246 697 567 766 ποιήσασθαι
594 697 845 764 τοιαύτην,
876 697 927 752 ἐς
952 697 1046 764 τὴν
1071 697 1333 750 ταλάντων
1357 697 1589 765 χιλιάδες
1613 697 1828 766 ἀναρίθ-

246 797 415 843 μητοι,
440 777 507 831 ὧς
531 779 673 848 λόγῳ
704 775 876 836 εἰπεῖν,
909 773 1289 842 ἀναισίμωνται·
1331 776 1463 844 πρὸς
1489 775 1563 834 δὲ,
1593 773 1670 827 ὅτι
1699 776 1833 828 κατὰ

240 851 466 922 Ἀμασιν
504 851 851 919 βασιλεύοντα
886 851 947 919 ἦν
972 853 1268 920 ἀκμάζουσα
1300 850 1561 912 Ῥοδῶπις,
1603 851 1726 904 ἀλλ’
1763 853 1830 904 οὗ

200 941 225 981 8
246 932 374 984 κατὰ
402 935 599 986 τοῦτον.
644 933 784 986 ἔτεσι
802 933 903 1002 γὰρ
931 931 1090 1001 κάρτα
1113 931 1368 983 πολλοῖσι
1394 927 1612 1000 ὕστερον
1631 929 1829 984 τούτων

246 1014 347 1065 τῶν
372 1010 639 1074 βασιλέων
664 1015 765 1063 τῶν
804 1011 893 1064 τὰς
918 1008 1203 1078 πυραμίδας
1237 1005 1422 1064 ταύτας
1447 1005 1510 1074 ἦν
1533 1008 1826 1075 λιπομένων

244 1086 505 1144 Ῥοδῶπις·
574 1087 751 1159 γενεὴν
808 1089 918 1155 μὲν,
974 1086 1074 1140 ἀπὸ
1129 1080 1369 1156 θρηΐκης·
1442 1084 1602 1153 δούλη
1654 1086 1713 1138 δὲ
1763 1084 1827 1153 ἦν

244 1163 505 1232 Ἰάδμονος
554 1169 647 1218 τοῦ
686 1165 1156 1234 Ἡφαιστοπόλιος,
1204 1164 1386 1235 ἀνδρὸς
1432 1165 1640 1232 Σαμίου,
1695 1163 1822 1217 σύν-

197 1249 224 1292 4
248 1245 434 1298 δουλος
460 1244 514 1299 δὲ
546 1243 791 1297 Αἰσώπου
823 1247 915 1296 τοῦ
944 1245 1248 1313 λογοποιοῦ.
1293 1243 1373 1295 καὶ
1407 1243 1510 1313 γὰρ
1537 1241 1687 1297 οὗτος
1718 1241 1820 1295 ’Id-

246 1324 431 1391 δμονος
452 1320 670 1393 ἐγένετο,
694 1323 761 1376 ὧς
782 1321 973 1387 διέδεξε
1000 1321 1119 1388 τῇδε
1145 1320 1236 1372 οὐκ
1263 1312 1463 1388 ἥκιστα·
1511 1320 1624 1374 ἐπεί
1641 1342 1698 1374 τε
1721 1323 1823 1390 γὰρ

246 1401 500 1460 πολλάκις
551 1401 913 1470 κηρυσσόντων
964 1399 1189 1468 Δελφῶν
1241 1399 1298 1451 ἐκ
1350 1399 1663 1468 θεοπροπίου
1713 1400 1749 1425 “
1769 1398 1824 1454 ὃς

244 1477 492 1543 βούλοιτο
518 1478 695 1546 ποινὴν
720 1480 811 1546 τῆς
835 1477 1082 1531 Αἰσώπου
1099 1477 1279 1546 ψυχῆς
1299 1475 1631 1537 ἀνελέσθαι,”
1659 1477 1824 1532 ἄλλος

243 1557 337 1624 μὲν
364 1557 527 1612 οὐδεὶς
554 1557 735 1626 ἐφάνη,
762 1555 1022 1620 Ἰάδμονος
1057 1555 1112 1607 δὲ
1139 1555 1320 1610 παιδὸς
1351 1557 1487 1614 παῖς,
1517 1556 1685 1610 ἄλλος
1719 1555 1818 1608 Ἰά-

251 1636 402 1706 δμων,
451 1637 696 1690 ἀνείλετο·
760 1629 891 1687 οὕτω
932 1631 1016 1684 καὶ
1059 1625 1300 1682 Αἴσωπος
1339 1625 1603 1694 Ἰάδμονος
1645 1626 1816 1696 ἐγένε-

101 1712 212 1768 135
248 1737 323 1769 το.
405 1714 649 1770 Ῥοδῶπις
695 1712 753 1766 δὲ
800 1712 853 1767 ἐς
893 1708 1155 1779 Αἴγυπτον
1199 1706 1423 1766 ἀπίκετο,
1472 1705 1680 1760 Ξάνθεω
1727 1707 1820 1758 τοῦ

244 1787 432 1853 Σαμίου
478 1786 783 1854 κομίσαντός
825 1798 930 1855 μιν·
981 1785 1254 1853 ἀπικόμένη
1301 1787 1356 1839 δὲ
1403 1786 1508 1838 κατ’
1554 1789 1820 1859 ἐργασίην.

242 1861 400 1928 ε’λῦθη
452 1866 726 1933 χρημάτων
782 1865 1022 1935 μεγάλων
1073 1863 1171 1917 ὑπὸ
1231 1864 1411 1934 ἀνδρὸς
1471 1867 1823 1933 Μυτιληναίου

240 1940 496 2010 Χαράξου,
541 1946 633 1996 τοῦ
686 1939 1146 2013 Σκαμανδρωνῦμου
1197 1943 1394 2003 παιδὸς,
1449 1944 1712 2012 ἀδελφεοῦ
1767 1947 1824 1998 δὲ

191 2039 217 2080 2
242 2020 487 2088 Σαπφοῦς
526 2023 617 2088 τῆς
656 2024 995 2089 μουσοποιοῦ.
1039 2017 1171 2072 οὕτω
1213 2020 1272 2087 δὴ
1309 2020 1339 2086 ἡ
1373 2019 1618 2077 Ῥοδῶπις
1665 2023 1820 2076 ἐλευ-

240 2097 453 2168 θερώθη,
484 2101 567 2153 καὶ
606 2099 862 2167 κατέμεινέ
898 2121 954 2152 τε
995 2099 1048 2152 ἐν
1085 2096 1344 2172 Αἰγύπτῳ,
1373 2101 1455 2152 καὶ
1495 2102 1656 2170 κάρτα
1695 2102 1820 2155 ἐπα·-

240 2177 487 2243 φρόδιτος
522 2176 783 2246 γενομένη,
824 2179 1023 2246 μεγάλα
1063 2175 1312 2243 ἐκτήσατο
1351 2176 1605 2247 χρήματα,
1652 2181 1722 2234 ὣς
1761 2180 1822 2232 ἂν

238 2247 363 2304 εἶναι
396 2252 658 2314 Ῥοδῶπιν,
696 2254 825 2324 ἀτὰρ
860 2255 951 2306 οὐκ
988 2256 1055 2308 ὥς
1093 2276 1152 2324 γε
1195 2255 1246 2309 ἐς
1284 2257 1542 2322 πυραμίδα
1581 2256 1822 2323 τοιαύτην

190 2341 215 2379 8
240 2326 515 2388 ἐξικέσθαι.
559 2333 648 2398 τῆς
672 2331 773 2400 γὰρ
808 2332 899 2398 τὴν
934 2333 1145 2398 δεκάτην
1179 2338 1280 2384 τῶν
1314 2335 1587 2403 χρημάτων
1613 2335 1819 2388 ἰδέσθω

238 2399 353 2450 ἐστὶ
392 2405 467 2454 ἔτι
506 2407 587 2459 καὶ
628 2406 680 2461 ἐς
717 2408 835 2460 τόδε
874 2411 1025 2462 παντὶ
1062 2413 1134 2480 τῷ
1185 2412 1506 2484 βουλομένῳ,
1550 2413 1701 2464 οὐδὲν
1741 2414 1822 2466 δεῖ

192 2481 217 2520 4
237 2475 433 2536 μεγάλα
460 2481 508 2530 οἶ
532 2481 768 2549 χρήματα
802 2485 1074 2539 ἀναθεῖναι.
1119 2485 1408 2556 ἐπεθύμησε
1440 2490 1544 2560 γὰρ
1569 2489 1816 2546 Ῥοδῶπις
