1975 2892
586 74 963 121 Imma—1.
999 84 1228 133 ιιι-125.
1623 69 1693 130 71

111 144 179 185 οι.
200 143 266 184 σε.
286 143 345 193 1.]

111 203 294 258 ἄλλως
316 202 408 271 μὲν
434 200 663 269 οὐδαμῶς
687 196 814 269 εἶχε,
843 200 933 254 ἅτε
966 206 1068 255 τῶν
1094 203 1225 255 ὁδῶν
1250 202 1688 272 φυλασσομένων·

114 284 143 333 ὁ
188 280 244 332 δὲ
286 280 605 348 ἐπιτεχνᾶται
643 279 858 332 τοιόνδε.
928 282 1094 350 λαγὸν
1131 284 1568 349 μηχανησάμενος,
1611 283 1691 335 καὶ

114 357 406 425 ἀνασχίσας
430 354 615 409 τούτου
640 356 731 423 τὴν
764 357 1011 427 γαστέρα,
1041 359 1123 410 καὶ
1158 359 1305 411 οὐδέν
1329 359 1595 422 ἀποτίλας,
1626 362 1693 416 ὣς

116 437 175 490 δὲ
214 430 341 503 εἶχε,
378 432 511 487 οὕτω
548 432 759 500 ἐσέθηκε
793 436 1028 499 βιβλίον,
1063 435 1275 506 γράψας
1310 439 1374 490 τά
1415 438 1464 489 οἱ
1502 440 1689 492 ἐδόκεε.

114 513 428 583 ἀπορράψας
454 512 511 565 δὲ
537 516 629 565 τοῦ
659 514 827 581 λαγοῦ
852 512 943 579 τὴν
968 512 1216 583 γαστέρα,
1245 514 1328 567 καὶ
1355 515 1528 569 δίκτυα
1556 516 1690 578 δοὺς,
1718 530 1743 570 5

113 593 206 645 ἅτε
232 591 467 659 θηρευτῇ,
495 594 596 642 τῶν
630 588 863 642 οἰκετέων
897 596 969 664 τῷ
986 592 1302 664 πιστοτάτῳ,
1332 592 1608 646 ἀπέστειλε
1644 594 1695 649 ἐς

112 668 237 724 τοὺς
275 668 501 737 Πέρσας·
570 668 915 734 ἐντειλάμενός
953 670 1004 720 οἶ
1043 668 1144 721 ἀπὸ
1182 671 1452 739 γλώσσης,
1495 672 1696 725 διδόντα

113 749 209 801 τὸν
240 748 407 817 λαγὸν
441 744 591 819 Κύρῳ
628 746 869 805 ἐπειπεῖν,
910 746 1202 817 αὐτοχειρίῃ
1239 768 1328 815 μιν
1367 749 1571 810 διελεῖν,
1615 751 1695 803 καὶ

112 825 307 894 μηδένα
333 826 381 876 οἱ
417 827 575 876 ταῦτα
607 827 833 877 ποιεῦντι
858 827 1107 893 παρεῖναι.
1348 830 1514 879 Ταῦτα
1549 828 1606 881 δὲ
1635 828 1692 895 δὴ
1726 826 1844 881 124

116 903 191 956 ὧν
216 901 451 957 ἐπιτελέα
470 902 683 971 ἐγίνετο·
729 902 810 954 καὶ
837 904 865 953 ὁ
895 906 1061 970 Κῦρος
1085 906 1400 972 παραλαβὼν
1418 906 1508 959 τὸν
1533 908 1694 978 λαγὸν

114 982 391 1049 ἀνέσχισε.
472 979 634 1049 εὑρὼν
660 980 715 1032 δὲ
746 980 802 1032 ἐν
828 980 963 1053 αὐτῷ
989 982 1050 1033 τὸ
1085 983 1299 1046 βιβλίον
1334 984 1489 1044 ἐνεὸν,
1518 985 1697 1048 λαβὼν
1725 1000 1752 1041 2

116 1059 415 1129 ἐπελέγετο.
495 1058 562 1110 τὰ
614 1058 670 1111 δὲ
714 1059 985 1128 γράμματα
1031 1059 1187 1130 ἔλεγε
1227 1062 1363 1115 τάδε·
1436 1066 1471 1089 “
1484 1058 1554 1115 Ὠ
1605 1064 1700 1116 παῖ

117 1134 434 1206 Καμβύσεω,
474 1136 537 1189 σὲ
572 1136 673 1206 γὰρ
710 1135 817 1189 θεοὶ
852 1136 1125 1207 ε’πορέωσι·
1171 1138 1231 1190 οὗ
1264 1140 1365 1210 γὰρ
1400 1138 1462 1192 ἅν
1497 1160 1612 1193 κοτε
1648 1140 1700 1196 ἐς

114 1219 376 1270 τοσοῦτον
400 1212 560 1282 τύχης
582 1213 781 1267 ἀπίκευ.
832 1215 902 1268 σὺ
928 1218 1017 1267 νῦν
1039 1213 1329 1288 Ἀστυάγεα
1355 1218 1443 1271 τὸν
1470 1220 1698 1271 σεωυτοῦ
1729 1232 1754 1273 8

118 1292 287 1363 φονέα
338 1291 501 1347 τίσαι.
584 1292 710 1343 κατὰ
759 1294 853 1359 μὲν
902 1293 1003 1363 γὰρ
1055 1294 1148 1361 τὴν
1191 1293 1375 1347 τούτου
1416 1296 1702 1367 προθυμίην

116 1370 381 1437 τέθνηκας·
424 1371 483 1422 τὸ
520 1370 575 1423 δὲ
612 1372 737 1421 κατὰ
772 1368 918 1426 θεούς
952 1392 1009 1422 τε
1035 1374 1116 1424 καὶ
1143 1372 1230 1440 ε’μὲ
1257 1374 1463 1443 περίεις.
1547 1375 1610 1424 τά
1638 1395 1701 1425 σε
1729 1388 1756 1428 4

118 1451 208 1503 καὶ
232 1450 393 1503 πάλαι
414 1448 569 1501 δοκέω
590 1448 753 1500 πάντα
774 1447 1179 1516 ἐκμεμαθηκέναι,
1204 1450 1296 1503 σέο
1323 1472 1380 1503 τε
1404 1450 1560 1502 αὐτοῦ
1586 1450 1702 1520 πέρι

120 1529 195 1582 ὣς
230 1524 478 1596 ἐπρῆχθη,
508 1526 590 1579 καὶ
624 1521 709 1577 οἶα
739 1526 839 1597 ἐγὼ
873 1527 973 1579 ὑπὸ
999 1526 1314 1597 Ἀστυάγεος
1349 1527 1594 1587 πέπονθα,
1625 1527 1703 1580 ὅτι

121 1628 191 1659 σε
215 1605 309 1658 οὐκ
332 1604 617 1664 ἀπέκτεινα,
646 1603 786 1656 ἀλλὰ
812 1604 973 1657 ἔδωκα
999 1606 1071 1677 τῷ
1105 1605 1363 1677 βουκόλῳ.
1435 1604 1504 1657 σὺ
1532 1608 1618 1658 νῦν
1645 1604 1704 1672 ἢν
1731 1617 1756 1658 6

118 1680 297 1749 βούλῃ
334 1683 445 1750 ε’μοὶ
478 1680 765 1743 πείθεσθαι,
794 1685 994 1752 τῆσπερ
1018 1682 1307 1753 Ἀστυάγης
1332 1682 1481 1753 ἄρχει
1515 1684 1702 1754 χώρης,

121 1760 313 1827 ταύτης
336 1762 538 1827 ἁπάσης
564 1759 752 1830 ἄρξεις.
815 1760 1026 1829 Πέρσας
1051 1761 1152 1832 γὰρ
1178 1760 1457 1816 ἀναπείσας
1483 1761 1702 1815 ἀπίστα-
1731 1771 1756 1811 ⁶

125 1838 271 1900 σθαι,
319 1839 665 1909 στρατηλάτεε
708 1838 792 1891 ἐπὶ
838 1836 1064 1905 Μήδους·
1127 1840 1209 1891 καὶ
1254 1841 1317 1908 ἤν
1361 1862 1416 1893 τε
1463 1840 1564 1911 ε’γῶ
1606 1840 1705 1894 ὑπὸ

121 1916 442 1987 Ἀστυάγεος
466 1914 737 1983 ἀποδεχθῶ
766 1919 1053 1987 στρατηγὸς
1082 1918 1227 1971 ἀντία
1255 1922 1367 1979 σεῦ,
1397 1920 1512 1971 ἔστι
1537 1939 1618 1971 τοι
1643 1919 1706 1970 τὰ

125 1995 199 2048 σὺ
217 1992 454 2059 βούλεαι,
475 1997 538 2063 ἤν
556 2015 613 2046 τε
632 1998 733 2046 τῶν
751 2015 829 2048 τις
854 1995 1073 2063 δοκίμων
1091 1996 1254 2051 ἄλλος
1279 1994 1484 2064 Μήδων.
1513 2001 1706 2066 πρῶτοι
1733 2002 1758 2047 Y

122 2074 229 2143 γὰρ
248 2070 392 2125 οὗτοι
409 2073 726 2126 ἀποστάντες
742 2072 826 2125 ἀπ’
846 2073 1055 2135 ἐκείνου,
1074 2075 1156 2127 καὶ
1173 2077 1433 2144 γενόμενοι
1448 2075 1577 2144 πρὸς
1594 2073 1705 2125 σέο.

123 2149 420 2220 Ἀστυάγεα
438 2150 715 2221 καταιρέειν
738 2148 1087 2221 πειρήσονται·
1126 2152 1193 2205 ὣς
1219 2150 1288 2204 ὧν
1309 2153 1513 2219 ἑτοίμου
1532 2153 1622 2202 τοῦ
1648 2172 1710 2221 γε

128 2228 310 2282 ἐνθάδε
336 2229 525 2289 ἐόντος,
552 2228 697 2282 ποίεε
721 2232 895 2290 ταῦτα,
926 2230 1009 2281 καὶ
1033 2228 1175 2283 ποίεε
1202 2230 1327 2281 κατὰ
1352 2224 1570 2296 τάχος.”

224 2303 481 2360 Ἀκούσας
530 2308 688 2358 ταῦτα
734 2307 763 2357 ὁ
809 2308 989 2371 Κῦρος,
1047 2302 1314 2372 ἐφρόντιζε
1368 2303 1495 2375 ὅτεῳ
1547 2304 1715 2373 τρόπῳ
1739 2306 1850 2360 125

128 2383 427 2454 σοφωτάτῳ
472 2382 683 2453 Πέρσας
721 2381 987 2436 ἀναπείσει
1031 2380 1370 2434 ἀπίστασθαι.
1426 2382 1712 2451 φροντίζων

126 2462 206 2521 δὲ,
234 2459 527 2531 εὑρίσκεται
560 2463 719 2512 ταῦτα
754 2462 1056 2529 καιριώτατα
1092 2454 1234 2512 εἶναι·
1277 2457 1443 2512 ἐποίεε
1479 2458 1536 2512 δὲ
1570 2461 1709 2525 τάδε,

126 2539 346 2610 γράψας
387 2538 439 2593 ε’ς
476 2537 693 2603 βιβλίον
728 2537 795 2590 τὰ
836 2535 1102 2599 ἐβούλετο,
1141 2535 1290 2603 ἁλίην
1328 2542 1428 2591 τῶν
1469 2538 1712 2609 Περσέων
1732 2550 1758 2589 2
