1975 2892
248 40 365 96 208
836 49 1240 94 ΗΡοΔοΤογ

1457 99 1528 148 [Α.
1550 99 1594 137 c.
1614 97 1853 136 noo-⁵94.

251 189 347 235 χος
386 168 415 218 ὁ
443 164 633 224 Νεκὼς,
675 163 921 234 ἐτράπετο
955 162 1087 230 πρὸς
1134 153 1424 229 στρατηίας·
1470 160 1552 211 καὶ
1584 157 1854 227 τριήρεες,

252 246 305 296 αἶ
330 243 438 311 μὲν,
468 242 553 294 ἐπὶ
578 243 639 308 τῇ
664 235 849 311 βορηίῃ
878 239 1123 304 θαλάσσῃ
1160 235 1488 304 ἐποιήθησαν,
1517 237 1571 288 αἶ
1611 235 1656 288 δ’
1690 237 1746 287 ἐν
1773 237 1860 307 τῷ

252 319 479 391 Ἀραβίῳ
527 321 703 390 κόλπῳ
746 318 831 371 ἐπὶ
861 320 922 384 τῇ
962 315 1184 385 Ἐρυθρῇ
1221 314 1484 380 θαλάσσῃ·
1528 318 1630 367 τῶν
1673 314 1753 365 ἔτι
1801 313 1861 364 οἶ

216 398 403 452 Ωὸλκοι
444 395 695 462 ἐπίδηλοι.
747 395 828 448 καὶ
867 391 1086 460 ταύτῃσί
1123 414 1179 444 τε
1211 393 1398 461 ἐχρᾶτο
1439 392 1493 443 ἐν
1533 396 1606 462 τῷ
1649 389 1856 443 δέοντι·

258 475 340 528 καὶ
366 472 577 546 Σύροισι
615 475 795 541 πεζῇ*
768 495 797 525 ο
826 472 1000 526 Νεκὼς
1039 468 1373 538 συμβαλὼν’
1349 491 1406 521 εν
1433 469 1702 539 Μαγδόλω
1743 467 1863 520 ένί-

260 565 403 619 κησε·
460 553 588 620 μετὰ
626 552 683 604 δὲ
722 551 813 619 τὴν
850 550 1035 617 μάχην,
1079 548 1298 600 Κάδυτιν
1336 549 1492 599 πόλιν
1530 547 1620 612 τῆς
1661 546 1870 615 Συρίης

223 630 451 685 δέοῦσαν
491 630 719 699 μεγάλην
758 623 889 680 εἷλε.
948 625 1006 679 ἐν
1051 629 1112 693 τῇ
1157 626 1212 677 δὲ
1265 623 1448 690 ἐσθῆτι
1491 625 1641 691 ἔτυχε
1683 627 1868 676 ταῦτα

263 708 716 777 κατεργασάμενος,
770 703 977 770 ἀνέθηκε
1035 705 1107 776 τῷ
1158 702 1470 760 Ἀπόλλωνι,
1523 700 1744 770 πέμψας
1799 699 1868 756 ἐς

222 798 249 838 4
266 785 553 853 Βραγχίδας
595 785 686 838 τὰς
724 781 1019 846 Μιλησίων.
1061 781 1190 847 μετὰ
1226 781 1299 839 δὲ,
1329 779 1589 832 ἑκκαίδεκα
1625 777 1745 831 ἔτεα
1787 780 1868 830 τὰ

263 862 428 914 πάντα
466 860 639 931 ἄρξας,
682 860 910 929 τελευτᾷ,
953 864 1026 932 τῷ
1063 859 1206 912 παιδὶ
1242 858 1421 924 Ψάμμι
1457 854 1718 926 παραδοὺς
1759 855 1866 923 τὴν

264 936 446 1007 ἀρχήν·

140 1020 251 1074 160
372 1013 491 1066 Ἐπὶ
543 1016 725 1066 τοῦτον
776 1011 837 1079 δὴ
889 1011 979 1064 τὸν
1030 1011 1237 1079 Ψάμμιν
1284 1009 1630 1074 βασιλεύοντα
1683 1012 1852 1082 Αἰγύ-

132 1101 176 1132 Δ-
194 1101 231 1132 0·
266 1108 396 1140 πτου
436 1086 675 1141 ἀπίκοντο
714 1086 939 1140 Ἠλείων
976 1086 1154 1158 ἄνδρες
1193 1087 1424 1158 ἄγγελοι,
1463 1085 1733 1156 αὐχέοντες
1765 1088 1852 1141 δι-

142 1142 230 1183 ⁶00.

268 1167 505 1217 καιότατα
540 1164 620 1216 καὶ
648 1165 905 1218 κάλλιστα
942 1165 1131 1218 τιθέναι
1161 1166 1250 1218 τὸν
1287 1161 1344 1218 έν
1382 1164 1640 1232 Ὀλυμπίῃ
1673 1165 1858 1234 ἀγῶνα

268 1243 469 1295 πάντων
506 1240 801 1311 ἀνθρώπων,
844 1245 925 1295 καὶ
966 1243 1224 1297 δοκέοντες
1261 1243 1400 1312 παρὰ
1438 1246 1596 1295 ταῦτα
1633 1242 1738 1294 οὔδ’
1781 1243 1852 1296 ἂν

270 1318 387 1374 τοὺς
428 1320 766 1389 σοφωτάτους
800 1320 1078 1390 ἀνθρώπων
1111 1319 1420 1390 Αἰγυπτίους
1454 1320 1602 1373 οὐδὲν
1635 1318 1851 1386 ἐπεξευ-

232 1400 395 1467 Βρεῖν.
460 1399 527 1452 ὧς
580 1397 635 1450 δὲ
688 1397 976 1465 ἀπικόμενοι
1017 1397 1073 1453 ἐς
1114 1396 1205 1465 τὴν
1248 1394 1508 1468 Αἴγυπτον
1553 1399 1602 1449 οἶ
1639 1397 1848 1450 Ἠλεῖοι

273 1477 461 1547 ἔλεγον
486 1481 586 1528 τῶν
613 1472 773 1528 εἵνεκα
805 1475 1063 1537 ἀπίκοντο,
1093 1475 1308 1527 ἐνθαῦτα
1348 1479 1376 1528 ὁ
1407 1475 1660 1540 βασιλεὺς
1689 1474 1852 1530 ,οὗτος

276 1552 612 1623 συγκαλέεται
644 1553 933 1623 Αἰγυπτίων
972 1552 1092 1608 τοὺς
1128 1553 1438 1623 λεγομένους
1483 1548 1610 1605 εἶναι
1663 1554 1848 1622 σοφω-

234 1647 258 1687 8
276 1633 474 1686 τάτους.
518 1630 853 1685 συνελθόντες
878 1631 935 1684 δε
971 1633 1021 1682 οἱ
1053 1628 1338 1701 Αἰγύπτιοι,
1369 1630 1706 1684 ἐπυνθάνοντο
1750 1637 1852 1684 τῶν

270 1700 498 1761 Ἠλείων
522 1709 829 1778 λεγόντων“
796 1729 992 1762 απαντα
1017 1731 1080 1761 τα
1105 1706 1305 1774 κατήκει
1335 1709 1504 1778 σφέας
1523 1708 1712 1761 ποιέειν
1732 1711 1852 1778 περὶ

272 1787 363 1838 τὸν
398 1786 584 1855 ἀγῶνα·
641 1786 1022 1856 ἀπηγησάμενοι
1055 1786 1110 1839 δὲ
1145 1786 1209 1838 τὰ
1246 1786 1430 1846 πάντα,
1471 1787 1675 1855 ἔφασαν
1712 1786 1852 1854 ἥκειν

277 1861 703 1930 ἐπιμαθησόμενοι
732 1865 767 1889 “
790 1861 839 1915 εἴ
859 1884 909 1915 τι
936 1865 1104 1932 ἔχοιεν
1130 1861 1398 1934 Αἰγύπτιοι
1431 1861 1623 1916 τούτων
1659 1864 1844 1916 δικαιό-

236 1950 424 2007 4τερον
468 1937 813 2011 ε’πεξευρεῖν.”
873 1942 923 1993 οἷ
970 1941 1044 2002 δὲ,
1087 1942 1512 2008 βουλευσάμενοι,
1563 1940 1849 2011 ἐπειρώτων

234 2073 246 2088 ·
276 2015 395 2070 τοὺς
418 2014 659 2072 Ἠλείους
698 2016 747 2071 εἴ
780 2020 883 2087 σφι
916 2020 965 2071 οἶ
990 2021 1230 2086 πολιῆται
1262 2019 1660 2089 ἐναγωνίζονται.
1703 2021 1754 2072 οἱ
1793 2019 1844 2072 δὲ

277 2094 497 2164 ἔφασαν,
528 2095 609 2147 καὶ
636 2096 817 2164 σφέων
843 2097 925 2148 καὶ
950 2102 1050 2149 τῶν
1076 2096 1251 2148 ἄλλων
1276 2094 1540 2163 Ἑλλήνων
1565 2096 1752 2164 ὁμοίως
1777 2101 1843 2169 τῷ

238 2171 574 2243 δβουλομένῳ
602 2172 787 2239 ἐξεῖναι
814 2173 1167 2244 ἀγωνίζεσθαι.
1211 2175 1260 2225 οἷ
1281 2174 1335 2226 δε
1357 2171 1625 2244 Αἰγύπτιοι
1645 2175 1845 2244 εφασαν

278 2249 517 2318 “σφέας,
542 2247 673 2302 οὕτω
701 2250 943 2312 τιθέντας,
962 2253 1150 2306 παντὸς
1175 2255 1265 2304 τοῦ
1287 2251 1520 2304 δικαίου“
1496 2253 1839 2322 ημαρτηκεναι·

274 2325 509 2392 οὐδεμίαν
534 2327 633 2394 γὰρ
661 2322 785 2380 εἶναι
814 2328 1045 2396 μηχανὴν
1083 2328 1212 2384 ὅκως
1237 2351 1298 2382 ου
1338 2333 1408 2401 τῷ
1436 2326 1580 2402 ἀστῷ
1607 2330 1840 2398 ἀγωνιζο-

236 2398 403 2467 θμ-ένῳ
442 2401 845 2469 προσθήσονται,
880 2406 1163 2462 ἀδικέοντες
1203 2407 1291 2458 τὸν
1327 2406 1512 2472 ξεῖνον.
1554 2406 1673 2460 ἀλλ’
1701 2407 1744 2458 εἷ
1781 2408 1838 2474 δὴ

267 2471 544 2528 βούλονται
572 2478 774 2535 δικαίως
808 2480 1016 2546 τιθέναι,
1045 2484 1127 2536 καὶ
1165 2481 1350 2537 τοῦτου
1387 2481 1551 2539 εἵνεκα
1585 2484 1834 2538 ἀπικοίατο
