1975 2892
555 70 1051 119 eAAEIA.-—111.
1090 83 1321 135 152·155.
1616 70 1731 125 303

124 133 204 173 01.
227 132 292 173 6⁵.
309 132 368 180 2.)

129 185 276 243 εἷπε·
325 194 361 215 “
386 188 490 241 Οὔκ
509 188 624 241 ἔστι
644 187 792 243 οὗτος
819 188 951 260 ὧνὴρ
972 188 1051 243 ὅτι
1076 190 1145 259 μὴ
1174 191 1263 254 σὺ,
1284 196 1357 266 τῷ
1384 193 1499 246 ἔστι
1520 191 1728 263 δύναμις

129 265 373 334 τοσαύτη
406 267 493 334 ε’μέ
530 268 590 334 δὴ
628 266 724 319 ὧδε
760 267 1019 320 διαθεῖναι·
1074 271 1191 321 οὔτε
1229 291 1307 324 τις
1342 270 1647 342 ἀλλοτρίων,
1686 271 1727 325 ὃ

130 347 393 409 βασιλεῦ,
433 345 552 397 τάδε
605 346 869 415 ἔργασται,
924 344 1045 398 ἀλλ’
1100 346 1249 401 αὐτὸς
1302 348 1403 419 ἐγὼ
1455 349 1724 417 ἐμεωυτόν·

135 423 315 475 δεινόν
344 444 394 474 τι
426 419 721 489 ποιεύμενος
750 421 1067 493 Ἀσσυρίους
1102 424 1344 494 Πέρσῃσι
1380 424 1725 496 καταγελᾶν.”

129 499 202 552 ‘0
249 496 297 553 δ’
336 500 594 568 ἀμείβετο·
668 496 784 551 “Ὠ
833 502 1184 569 σχετλιώτατε
1222 502 1433 573 ἀνδρῶν,
1479 505 1611 576 ἔργῳ
1652 508 1764 579 τῷΙ

135 576 408 651 αἶσχίστφ
461 580 651 645 οὕνομα
702 579 762 630 τὸ
815 579 1099 631 κάλλιστον
1151 580 1285 643 ἔθευ,
1329 581 1436 649 φὰς
1482 582 1565 635 διὰ
1607 583 1726 638 τοὺς

133 655 601 726 πολιορκευμένους
638 656 863 708 σεωυτὸν
889 656 1176 723 ἀνηκέστως
1202 658 1462 711 διαθεῖναι·
1505 659 1557 712 τί
1592 659 1655 721 δ’,
1685 660 1747 713 ὦ.

134 734 342 801 μάταιε,
364 732 729 801 λελωβημένου
758 736 870 796 σεῦ,
894 733 1099 788 θᾶσσον
1118 736 1167 788 οῖ
1192 736 1432 804 πολέμιοι
1457 737 1721 807 παραστή-

141 831 360 873 σονται;
404 817 502 867 κῶς
529 812 620 863 οὐκ
657 812 1084 878 ἐξέπλωσαςτῶν
1110 815 1329 884 φρενῶν,
1362 817 1587 868 σεωυτὸν
1612 817 1721 869 δια·-

138 888 363 959 φθείρας
381 887 442 951 ;”
501 888 562 941 ‘O
611 889 667 943 δὲ
714 885 841 943 εἶπε·
909 894 944 918 “
962 890 1027 943 Εἰ
1066 891 1159 959 μέν
1199 913 1279 944 τοι
1321 892 1615 963 ὑπερετίθεα
1660 895 1765 947 ταί

139 967 366 1034 ἔμελλον
391 964 644 1035 ποιήσειν,
674 967 764 1020 οὐκ
790 967 852 1020 ἅν
874 990 940 1036 με
965 969 1231 1039 περιεῖδες·
1276 973 1363 1023 νῦν
1390 970 1435 1023 δ’
1458 969 1535 1025 ἐπ’
1564 972 1719 1039 ἐμεω-

139 1047 269 1097 υτοῦ
293 1048 598 1114 βαλόμενος,
620 1046 832 1116 ἔπρηξα.
876 1048 969 1114 ἤδη
998 1045 1084 1107 ὃν,
1107 1045 1169 1114 ἢν
1191 1048 1260 1116 μὴ
1288 1053 1389 1101 τῶν
1409 1054 1518 1101 σῶν
1542 1047 1721 1117 δεήσῃ,

140 1123 378 1192 αἱρέομεν
397 1126 696 1188 Βαβυλῶνα.
739 1122 874 1195 Ἐγὼ
898 1125 988 1192 μὲν
1009 1124 1127 1195 γὰρ,
1150 1126 1218 1179 ὣς
1237 1127 1359 1195 ἔχω,
1382 1126 1722 1195 αὐτομολήσω
1740 1140 1767 1181 6

141 1200 197 1255 ἐς
224 1202 283 1253 τὸ
310 1204 498 1271 τεῖχος,
529 1202 611 1254 καὶ
647 1200 806 1271 φήσω
841 1204 972 1273 πρὸς
1006 1202 1207 1264 αὐτοὺς,
1238 1204 1306 1259 ὧς
1341 1204 1440 1258 ὑπὸ
1482 1208 1577 1257 σεῦ
1603 1206 1725 1257 τάδε

140 1278 391 1332 πέπονθα·
437 1280 519 1333 καὶ
555 1280 730 1341 δοκέω,
767 1279 952 1335 πείσας
996 1280 1167 1350 σφέας
1201 1286 1360 1335 ταῦτα
1394 1283 1532 1351 ἔχειν
1568 1280 1721 1341 οὕτω,

142 1354 418 1423 τεύξεσθαι
440 1360 700 1425 στρατιῆς.
740 1358 809 1411 σὺ
828 1357 903 1418 δὲ,
926 1356 1012 1411 ἀπ’
1034 1356 1093 1425 ἧς
1114 1359 1175 1411 ἂν
1194 1358 1380 1429 ἡμέρης
1400 1360 1501 1430 ἐγὼ
1520 1359 1723 1411 ε’σέλθω
1742 1374 1769 1416 ο

143 1435 198 1489 ές
225 1436 284 1488 τὸ
310 1438 496 1504 τεῖχος,
518 1436 619 1488 άπὸ
641 1434 822 1503 ταύτης
843 1436 896 1490 ές
923 1436 1133 1502 δεκάτην
1152 1435 1356 1506 ἡμέρην,
1378 1438 1467 1503 τῆς
1494 1440 1723 1489 σεωυτοῦ

145 1515 409 1583 στρατιῆς,
445 1516 535 1581 τῆς
570 1514 779 1577 οὐδεμία
813 1514 960 1566 ἔσται
999 1511 1099 1583 ὥρη
1136 1513 1510 1581 ἀπολλυμένης,
1539 1512 1725 1581 ταύτης

143 1591 348 1661 χιλίους
383 1592 539 1658 τάξον
572 1592 698 1644 κατὰ
733 1592 824 1645 τὰς
859 1592 1159 1660 Σεμιράμιος
1194 1590 1499 1659 καλεομένας
1532 1589 1717 1645 πύλας·

144 1670 271 1737 μετὰ
298 1669 352 1722 δὲ
378 1667 536 1730 αὖτις,
564 1670 665 1723 άπὸ
692 1671 781 1737 τῆς
817 1670 1025 1733 δεκάτης
1050 1668 1103 1723 ές
1138 1670 1377 1737 ἑβδόμην,
1408 1669 1602 1724 ἄλλους
1634 1690 1723 1737 μοι

147 1746 302 1813 τάξον
342 1747 633 1816 δισχιλίους
674 1748 800 1799 κατὰ
839 1748 930 1802 τὰς
972 1746 1160 1799 Νινίων
1194 1746 1499 1815 καλεομένας
1532 1745 1719 1801 πύλας·

146 1825 246 1879 άπὸ
273 1825 327 1878 δὲ
353 1828 443 1893 τῆς
470 1826 688 1893 ἑβδόμης
716 1826 994 1879 διαλείπειν
1019 1822 1185 1877 εἴκοσι
1211 1823 1413 1896 ἡμέρας,
1438 1826 1519 1879 καὶ
1546 1826 1721 1880 ἔπειτα

147 1904 339 1958 ἅλλους
364 1905 593 1964 κάτισον,
616 1903 824 1975 ἀγαγὼν
849 1904 975 1956 κατὰ
1002 1903 1093 1958 τὰς
1124 1904 1393 1958 Χαλδαίων
1418 1904 1725 1973 καλεομένας

146 1979 328 2041 πύλας,
365 1981 826 2051 τετρακισχιλίους.
871 1982 1094 2049 ἐχόντων
1135 1982 1190 2035 δὲ
1230 1980 1358 2049 μήτε
1392 1984 1441 2035 οἱ
1482 1985 1722 2053 πρότεροι
1743 1995 1766 2036 'l

147 2060 300 2128 μηδὲν
332 2064 434 2112 τῶν
475 2056 810 2127 ἀμυνούντων,
845 2056 973 2126 μήτε
1010 2056 1169 2118 οὗτοι,
1204 2060 1343 2128 πλὴν
1384 2060 1719 2131 ἐγχειριδίων·

148 2140 296 2190 τοῦτο
324 2137 380 2190 δὲ
407 2137 494 2189 ε’ἃν
521 2138 676 2205 ἔχειν.
718 2138 845 2204 μετὰ
871 2136 928 2189 δὲ
953 2135 1047 2203 τὴν
1078 2134 1316 2203 εἰκοστὴν
1340 2135 1545 2205 ἡμέρην,
1576 2135 1723 2191 ἰθέως
1742 2150 1767 2190 8

149 2214 238 2282 τὴν
279 2215 371 2283 μὲν
422 2214 588 2282 ἄλλην
629 2213 872 2284 στρατιὴν
911 2210 1136 2265 κελεύειν
1172 2212 1323 2283 πέριξ
1361 2215 1723 2284 προσβάλλειν

150 2294 275 2363 πρὸς
299 2294 358 2345 τὸ
384 2295 573 2361 τεῖχος,
601 2292 809 2362 Πέρσας
835 2289 895 2344 δέ
916 2310 1005 2358 μοι
1032 2289 1188 2356 τάξον
1214 2291 1340 2343 κατά
1366 2312 1423 2343 τε
1447 2292 1539 2345 τὰς
1566 2291 1720 2357 Βηλί-

152 2371 239 2425 δας
263 2371 565 2438 καλεομένας
589 2368 756 2424 πύλας
782 2370 864 2421 καὶ
900 2368 1141 2422 Κισσίας.
1188 2368 1255 2422 ὧς
1288 2369 1389 2438 ’γὰρ
1416 2367 1517 2439 ἐγὼ
1543 2368 1719 2428 δοκέω,
1740 2382 1765 2423 ⁹

153 2448 264 2516 έμέο
278 2449 476 2519 μεγάλα
492 2449 616 2518 ἔργα
631 2445 1025 2515 ἀποδεξαμένου,
1044 2446 1107 2498 τά
1127 2467 1183 2498 τε
1198 2445 1335 2498 ἅλλα
1353 2445 1725 2517 ε’πιτράψονται

155 2525 260 2594 ἐμοὶ
297 2527 633 2591 Βαβυλώνιοι,
671 2524 753 2577 καὶ
797 2525 859 2592 δὴ
907 2525 989 2577 καὶ
1033 2528 1136 2577 τῶν
1170 2520 1374 2578 πυλέων
1422 2525 1513 2580 τὰς
1554 2527 1721 2590 βαλα·
