1975 2892
58 211 134 250 οι.
157 207 221 250 66.
242 208 302 257 4-‘1
417 145 1124 194 MEAIIOMENH.-1v.
1157 147 1327 208 28-33.
1544 142 1679 198 321·

62 265 234 332 λέγω.
277 266 409 318 ἔοικε
433 266 534 338 γὰρ
560 264 590 334 ἦ
622 267 751 335 χιὼν
774 270 1034 337 πτεροῖσι·
1078 269 1161 321 καὶ
1195 269 1279 322 διὰ
1312 270 1401 322 τὸν
1433 275 1660 339 χειμῶνα

67 347 279 404 τοῦτον,
309 343 457 396 ε’όντα
481 348 731 406 τοιοῦτον,
759 345 968 411 ἀοίκητα
993 347 1058 399 τὰ
1082 348 1212 417 πρὸς
1235 349 1401 417 βορῆν
1428 349 1541 401 ἐστι
1568 351 1651 416 τῆς

66 417 292 491 ἧπείρου
317 420 516 489 ταύτης·
560 423 624 475 τὰ
652 422 721 476 ὧν
744 425 906 494 πτερὰ
934 424 1220 489 εἰκάζοντας
1244 425 1336 492 τὴν
1360 428 1509 494 χιόνα
1535 427 1651 480 τοὺς
1668 433 1693 474 4

69 497 273 554 Σκύθας
295 521 354 553 τε
380 501 461 553 καὶ
487 500 605 556 τοὺς
629 502 914 567 περιοίκους
941 504 1099 556 δοκέω
1125 503 1313 571 λέγειν.
1371 508 1539 557 Ταῦτα
1562 503 1661 572 μέν

69 595 184 630 νυν,
213 573 280 626 τὰ
304 571 508 643 λέγεται
532 577 837 645 μακρότατα,
865 575 1072 645 εἴρηται.

151 651 510 722 Ὑπερβορέων
544 653 602 707 δὲ
635 652 752 724 πέρι
791 654 1068 725 ἀνθρώπων
1107 658 1224 709 οὔτε
1258 677 1308 709 τι
1344 653 1527 710 Σκύθαι
1561 653 1646 707 λέ·
1672 653 1748 706 32

67 751 249 801 γουσι,
293 734 411 784 οὔτε
450 732 582 788 τινὲς
621 733 774 787 ἄλλοι
819 738 922 786 τῶν
964 732 1119 803 ταύτῃ
1165 734 1452 804 οἰκημένων,
1495 735 1541 788 εἶ
1578 734 1647 804 μὴ

69 811 174 880 ἄρα
213 810 526 879 Ἰσσηδόνες.
571 811 638 865 ὡς
676 809 724 864 δ’
767 811 868 882 ἐγὼ
907 810 1083 871 δοκέω,
1113 810 1219 864 οὔδ’
1262 811 1402 864 οὗτοι
1436 813 1652 884 λέγουσι
1664 823 1697 862 -2

71 889 245 943 οὐδέν·
287 890 469 960 ἔλεγον
505 889 606 960 γὰρ
645 889 707 941 ἂν
741 891 820 941 καὶ
855 887 1059 950 Σκύθαι,
1088 889 1156 944 ὡς
1184 891 1302 960 περὶ
1336 895 1439 942 τῶν
1466 913 1649 959 μουνο-

73 967 338 1035 φθάλμων
395 967 632 1036 λέγουσι.
738 965 887 1020 Ἀλλ’
939 967 1173 1039 Ἡσιόδῳ
1224 968 1317 1035 μέν
1368 969 1483 1022 ἐστι
1534 970 1651 1040 περὶ
1672 979 1699 1019 8

72 1045 432 1116 ’Ὑπερβορέων
471 1044 718 1116 εἰρημένα,
749 1045 862 1097 ἔστι
898 1046 954 1098 δὲ
996 1045 1077 1098 καὶ
1115 1043 1319 1118 Ὀμῆρῳ
1360 1048 1415 1100 ἑν
1439 1045 1649 1118 Ἐπιγό-

75 1145 234 1184 νοισι,
257 1123 303 1176 εἶ
329 1123 389 1192 δὴ
417 1124 487 1193 τῷ
514 1124 644 1176 ἐόντι
668 1145 731 1191 γε
748 1121 974 1191 Ὅμηρος
999 1125 1157 1176 ταῦτα
1183 1124 1246 1176 τὰ
1272 1125 1394 1177 ἔπεα
1420 1125 1648 1193 ε’ποίησε.

71 1202 273 1269 Πολλῷ
325 1200 386 1252 δέ
427 1222 478 1254 τι
530 1203 753 1254 πλεῖστα
802 1200 920 1266 περὶ
966 1200 1131 1254 αὐτῶν
1182 1198 1363 1268 Δήλιοι
1415 1198 1649 1269 λέγουσι,
1678 1204 1753 1259 33

76 1280 300 1347 φάμενοι
344 1278 428 1348 ἱρὰ
472 1277 764 1344 ἐνδεδεμένα
810 1278 864 1331 έν
904 1280 1104 1347 καλάμῃ
1146 1283 1337 1349 πυρῶν,
1372 1278 1431 1345 ἐξ
1468 1277 1650 1348 Ὑπερ-

73 1356 280 1426 βορέων
305 1357 580 1427 φερόμενα,
608 1355 932 1409 ἀπικνέεσθαι
968 1357 1021 1411 ἔς
1056 1354 1267 1411 Σκύθας·
1310 1357 1411 1410 άπὸ
1444 1356 1499 1409 δὲ
1526 1364 1652 1409 Σκυ-

77 1435 212 1487 θέων
236 1435 330 1501 ἤδη
359 1435 653 1502 δεκομένους
678 1434 776 1487 αἰεὶ
810 1433 929 1490 τοὺς
961 1436 1362 1504 πλησιοχώρους
1388 1434 1652 1499 ἑκάστους,

76 1512 302 1581 κομίζειν
325 1513 454 1566 αὐτὰ
477 1514 536 1565 τὸ
555 1513 685 1582 πρὸς
704 1511 924 1583 ἑσπέρης
943 1513 1205 1565 ἑκαστάτω
1222 1513 1306 1566 ἐπὶ
1324 1513 1414 1564 τὸν
1426 1509 1651 1582 Ἀδρίην·

16 1634 27 1655 ,.
79 1591 312 1644 ἐνθεῦτεν
353 1591 409 1644 δὲ
449 1591 578 1660 πρὸς
617 1589 943 1660 μεσαμβρίην
982 1593 1379 1661 προπεμπόμενα
1422 1590 1655 1659 πρώτους
1670 1600 1697 1640 2

79 1667 412 1723 Δωδωναίους
444 1667 708 1737 Ἑλλήνων
741 1668 997 1722 δέκεσθαι·
1040 1669 1143 1722 ἀπὸ
1182 1668 1238 1721 δὲ
1277 1665 1471 1722 τούτων
1502 1688 1651 1720 κατα-

77 1746 278 1812 βαίνειν
312 1747 395 1800 ‘’n-2
433 1748 523 1799 τὸν
561 1746 763 1813 Μηλιέα
802 1748 1013 1811 κόλπον,
1052 1745 1133 1798 καὶ
1173 1743 1563 1816 διαπορεύεσθαι
1604 1746 1656 1800 ἐς

80 1827 324 1888 Εὔβοιαν·
367 1827 521 1878 πόλιν
545 1845 601 1877 τε
641 1825 694 1878 ἐς
731 1827 886 1878 πόλιν
921 1827 1153 1891 πέμπειν,
1180 1824 1333 1894 μέχρι
1360 1822 1655 1894 Καρύστου·

81 1905 144 1956 τὸ
185 1901 228 1956 δ’
270 1903 370 1956 ἀπὸ
409 1901 610 1970 ταύτης,
649 1903 873 1956 ἐκλιπεῖν
898 1901 1139 1973 Ἀνδρον·
1199 1902 1519 1972 Καρυστίους
1556 1902 1658 1972 γὰρ

81 1977 209 2035 εἶναι
245 1981 366 2035 τοὺς
403 1981 696 2049 κομίζοντας
736 1982 788 2036 ἐς
826 1983 1003 2048 Τῆνον·
1046 1981 1254 2048 Τηνίους
1284 1981 1357 2042 δὲ,
1384 1980 1440 2036 ἑς
1465 1982 1653 2048 Δῆλον.

84 2059 412 2112 ἀπικνέεσθαι
456 2059 548 2127 μέν
593 2081 681 2112 νυν
725 2061 882 2112 ταῦτα
926 2059 990 2110 τὰ
1038 2060 1121 2129 ἱρὰ
1165 2055 1299 2111 οὕτω
1342 2059 1562 2130 λέγουσι
1606 2061 1657 2114 ές
1679 2076 1703 2115 8

85 2139 277 2205 Δῆλον.
319 2138 522 2207 πρῶτον
548 2137 603 2190 δὲ
629 2136 748 2192 τοὺς
765 2135 1138 2206 Ὑπερβορέους
1162 2136 1369 2207 πέμψαι
1394 2134 1659 2206 φερούσας

84 2217 152 2269 τὰ
193 2216 275 2285 ἱρὰ
314 2213 406 2267 δύο
445 2217 612 2286 κόρας,
643 2216 732 2269 τὰς
771 2214 1111 2281 οὔνομάζουσι
1151 2212 1332 2281 Δὴλιοι
1359 2209 1484 2266 εἶναι
1507 2212 1657 2266 ’Υπε-

18 2336 26 2345 .
84 2296 247 2365 ρόχην
273 2315 329 2346 τε
354 2294 436 2346 καὶ
463 2294 730 2360 Λαοδίκην·
773 2292 876 2360 ἅμα
902 2293 956 2344 δὲ
977 2291 1162 2359 αὐτῇσι
1186 2290 1454 2360 ἆσφιιλίης
1479 2287 1662 2343 εἵνεκεν

86 2371 292 2442 πέμψαι
333 2371 453 2427 τοὺς
497 2369 870 2441 Ὑπερβορέους
913 2372 1015 2422 τῶν
1060 2369 1233 2422 ἀστόν
1284 2369 1467 2438 ἄνδρας
1512 2367 1660 2420 πέντε

10 2475 12 2518 5
88 2449 339 2515 πομποὺς,
388 2447 598 2504 τούτους
643 2445 692 2501 οἳ
733 2451 822 2502 νῦν
861 2447 1154 2518 Περφερέες
1196 2445 1478 2506 καλέονται,
1517 2446 1661 2513 τιμὰς

89 2529 316 2598 μεγάλας
340 2526 396 2580 έν
422 2526 578 2599 Δήλῳ
611 2528 832 2596 ἔχοντες.
876 2525 989 2580 ἐπεὶ
1021 2526 1079 2580 δὲ
1108 2526 1248 2579 τοῖσι
1272 2521 1703 2595 ’Υπερβορέοισιι

91 2606 210 2660 τοὺς
257 2605 686 2675 ἀποπεμφθέντας
736 2605 908 2658 ὀπίσω
971 2604 1067 2658 οὐκ
1122 2601 1472 2664 ἀπονοστέειν,
1526 2603 1663 2656 δεινὰ

151 2703 246 2736 τοι.
267 2703 297 2734 1.
853 2695 893 2733 Y
