1975 2892
397 163 1099 209 MEAHOMENH.—1v.
1137 172 1369 219 110-114.
1564 155 1677 212 357

87 231 159 270 01.
176 231 238 269 σε.
253 229 388 268 2-68,
408 221 469 268 1.]

93 278 429 346 στρατοπέδῳ
470 274 547 330 ἐπ’
576 274 734 344 ἡμέρῃ
775 275 984 342 ἑκάστῃ.
1028 275 1169 345 εἶχον
1204 276 1257 329 δὲ
1299 276 1447 330 οὐδὲν
1480 275 1586 330 οὐδ’
1615 278 1664 328 οἶ
1685 290 1712 331 2

91 350 367 417 νεηνίσκοι,
397 353 574 421 ὥσπερ
601 354 716 407 οὐδὲ
743 354 796 405 αἱ
818 352 1107 420 Ἀμαζόνες,
1136 353 1181 406 εἰ
1214 355 1283 422 μὴ
1317 355 1383 406 τὰ
1417 353 1555 408 ὅπλα
1585 355 1669 406 καὶ

91 429 216 482 τοὺς
261 425 462 485 ἵππους·
527 431 667 484 ἀλλὰ
713 432 830 497 ζόην
874 432 1031 495 ἔζωον
1080 431 1172 499 τὴν
1223 432 1378 500 αὐτὴν
1422 431 1665 499 ἐκείνῃσι,

93 504 392 575 θηρεύοντές
417 529 474 560 τε
493 510 576 562 καὶ
600 510 905 576 ληϊζόμενοι.
1098 508 1334 564 Ἐποίευν
1360 510 1415 563 δὲ
1442 512 1495 562 αἱ
1508 508 1664 578 Ἀμα·
1695 512 1805 565 113

96 585 239 648 ζόνες
279 585 331 640 ἐς
369 585 462 653 τὴν
499 587 825 657 μεσαμβρίην
863 588 1079 640 τοιόνδε·
1124 587 1349 658 ἐγίνοντο
1392 588 1665 658 σποράδες,

93 664 224 714 κατὰ
249 663 368 730 μίαν
394 685 450 716 τε
476 665 558 716 καὶ
585 662 694 725 δύο,
716 667 898 734 πρόσω
926 665 988 732 δὴ
1014 663 1099 720 ἀπ’
1128 664 1413 732 ἀλληλέων,
1436 664 1488 719 ἐς
1514 665 1667 732 εὔμα-

92 739 212 811 ρίην
230 740 676 810 ἀποσκιδνάμεναι.
709 742 954 810 μαθόντες
980 741 1037 797 δὲ
1064 743 1147 796 καὶ
1170 744 1221 795 οἱ
1248 740 1451 803 Σκύθαι,
1471 743 1671 796 ἐποίευν
1688 755 1713 794 2

95 819 262 871 τώυτὸ
290 822 458 872 τοῦτο·
485 820 568 872 καί
593 840 670 874 τις
687 819 1072 887 μουνωθεισέων
1097 822 1195 874 τινὶ
1222 820 1411 874 αὐτέων
1438 820 1669 890 ἐνεχρίμ-

94 918 274 958 πτετο,
319 897 400 950 καὶ
455 896 485 965 ἡ
533 896 766 965 Ἀμαζὼν
817 899 907 951 οὐκ
953 898 1230 958 ἀπωθέετο,
1274 899 1413 952 ἀλλὰ
1452 899 1673 968 περιεῖδε

95 973 418 1044 χρῆσασθαι.
463 976 544 1030 καὶ
571 977 808 1044 φωνῆσαι
834 977 926 1044 μὲν
951 978 1043 1029 οὐκ
1069 972 1195 1047 εἶχε,
1218 977 1277 1029 οὗ
1301 978 1401 1049 γὰρ
1430 977 1675 1030 συνίεσαν
1690 990 1714 1029 8

97 1051 364 1119 ἀλλήλων,
391 1054 452 1119 τῇ
497 1053 554 1106 δὲ
591 1055 724 1124 χειρὶ
763 1054 955 1124 ἔφραζε
997 1055 1048 1110 ἐς
1082 1055 1173 1122 τὴν
1207 1055 1479 1125 ὑστεραίην
1505 1055 1675 1108 ἐλθεῖν

100 1131 156 1184 ἐς
199 1131 361 1183 τώυτὸ
405 1131 614 1201 χωρίον,
658 1131 740 1186 καὶ
785 1131 958 1201 ἕτερον
998 1133 1155 1202 ἄγειν·
1218 1132 1539 1199 σημαίνουσα
1584 1130 1675 1185 δύο

98 1207 360 1278 γενέσθαι,
391 1211 472 1262 καὶ
511 1209 634 1276 αὐτὴ
676 1208 850 1279 ἑτέρην
887 1209 1045 1276 ἄξειν.
1102 1214 1131 1264 ὁ
1172 1211 1228 1264 δέ
1270 1210 1528 1276 νεηνίσκος
1568 1210 1676 1264 ἐπεὶ
1691 1221 1719 1262 4

18 1287 20 1290 ’
100 1284 321 1352 ἀπῆλθε,
350 1286 504 1353 ἔλεξε
539 1290 696 1339 ταῦτα
730 1289 859 1357 πρὸς
894 1288 1014 1343 τοὺς
1047 1286 1278 1342 λοιπούς·
1324 1292 1385 1355 τῇ
1424 1289 1481 1341 δὲ
1506 1289 1676 1340 δευτε-

18 1409 21 1416 .
101 1365 220 1434 ραίῃ
249 1361 376 1429 ἦλθε
405 1365 455 1418 ἐς
481 1366 538 1416 τὸ
565 1364 758 1434 χωρίον
783 1366 934 1420 αὐτός
969 1387 1026 1418 τε
1061 1365 1229 1426 οὗτος,
1260 1366 1341 1418 καὶ
1368 1364 1541 1435 ἕτερον
1566 1361 1678 1435 ἥγε,

103 1442 188 1494 καὶ
233 1441 324 1509 τὴν
361 1439 614 1510 Ἀμαζόνα
659 1440 791 1512 εὗρε,
834 1443 1071 1513 δευτέρην
1109 1444 1263 1510 αὐτὴν
1304 1442 1675 1510 ὑπομένουσαν.

104 1521 155 1572 οἱ
197 1520 252 1572 δέ
291 1521 467 1573 λοιποὶ
513 1520 766 1587 νεηνίσκοι
806 1521 874 1575 ὧς
913 1519 1159 1576 ἐπύθοντο
1199 1524 1375 1582 ταῦτα,
1416 1521 1499 1573 καὶ
1538 1520 1678 1573 αὐτοὶ
1700 1531 1727 1571 5

107 1599 451 1651 ἐκτιλώσαντο
495 1599 585 1653 τὰς
628 1599 814 1653 λοιπὰς
852 1603 954 1651 τῶν
990 1598 1297 1666 Ἀμαζόνων.
1538 1599 1681 1651 Μετὰ
1707 1597 1820 1652 114

108 1677 183 1737 δὲ,
224 1677 566 1744 συμμίξαντες
603 1677 668 1728 τὰ
709 1677 1049 1746 στρατόπεδα,
1088 1673 1253 1730 οἴκεον
1291 1679 1439 1744 ὁμοῦ,
1474 1679 1682 1746 γυναῖκα

107 1756 243 1822 ἔχων
269 1753 484 1809 ἕκαστος
517 1752 704 1819 ταύτην
738 1758 799 1823 τῇ
835 1755 895 1807 τὸ
934 1759 1138 1824 πρῶτον
1164 1754 1467 1823 συνεμίχθη.
1510 1754 1603 1820 τὴν
1626 1754 1681 1806 δέ
1702 1764 1729 1805 2

110 1831 289 1902 φωνὴν
326 1833 418 1899 τὴν
456 1833 548 1900 μὲν
587 1837 687 1884 τῶν
724 1837 992 1903 γυναικῶν,
1020 1833 1069 1885 οἱ
1106 1832 1283 1902 ἄνδρες
1318 1833 1410 1885 οὐκ
1451 1832 1684 1884 ἐδυνέατο

107 1909 305 1978 μαθεῖν,
324 1910 415 1977 τὴν
436 1911 490 1964 δὲ
515 1915 617 1962 τῶν
635 1910 830 1980 ἀνδρῶν
855 1912 907 1964 αἱ
932 1912 1163 1981 γυναῖκες
1190 1909 1499 1975 συνέλαβον.
1542 1908 1684 1963 Ἐπεὶ
1702 1920 1729 1959 8

111 1989 166 2040 δὲ
207 1989 428 2055 συνῆκαν
463 1985 726 2055 ἀλλήλων,
755 1989 944 2056 ἔλεξαν
977 1990 1108 2060 πρὸς
1142 1989 1233 2042 τὰς
1255 1988 1535 2058 Ἀμαζόνας
1568 1988 1687 2040 τάδε

111 2067 162 2118 οἱ
203 2065 398 2135 ἄνδρες·
457 2064 666 2133 ““Ημῖν
705 2065 811 2118 εἶσὶ
848 2066 942 2133 μὲν
980 2065 1169 2131 τοκέες,
1212 2066 1319 2120 εἶσὶ
1360 2068 1415 2120 δὲ
1463 2064 1685 2132 κτήσεις.

113 2146 202 2198 νῦν
223 2141 294 2196 ὧν
318 2142 492 2211 μηκέτι
518 2146 712 2197 πλεῦνα
738 2146 926 2212 χρόνον
953 2145 1071 2211 ζόην
1095 2142 1293 2212 τοιήνδε
1320 2145 1533 2212 ἔχωμεν·
1570 2141 1687 2196 ἀλλ’
1706 2153 1735 2194 4

113 2221 424 2275 ἀπελθόντες
461 2221 513 2275 ἐς
548 2222 607 2273 τὸ
633 2221 833 2289 πλῆθος
859 2220 1182 2289 διαιτώμεθα.
1227 2224 1464 2292 γυναῖκας
1490 2220 1544 2274 δέ
1574 2220 1689 2285 ἕξο-

115 2321 208 2368 μεν
248 2298 418 2367 ὑμέας,
453 2299 534 2350 καὶ
574 2299 822 2366 οὖδαμέας
859 2295 1086 2353 mas-’³
1169 2300 1233 2351 AI
1274 2299 1328 2352 δὲ
1367 2300 1497 2368 πρὸς
1536 2301 1735 2351 ταῦταδ

116 2376 302 2443 ἔλεξαν
341 2377 478 2429 τάδε
538 2375 770 2444 ΜΗμεῖς
809 2376 899 2429 οὐκ
939 2375 1001 2430 ἂν
1040 2375 1313 2444 δυναίμεθα
1350 2375 1530 2429 οἰκέειν
1567 2376 1694 2443 μετὰ

118 2460 221 2508 τῶν
254 2453 508 2524 ὑμετέρων
541 2459 804 2525 γυναικῶν·
849 2454 911 2506 οὗ
950 2475 1051 2524 γαρ
1089 2454 1155 2506 τα
1194 2454 1321 2507 αὐτὰ
1360 2456 1541 2520 νόμαια
1580 2453 1737 2520 ἦμῖνσ

119 2555 176 2585 τε
203 2532 282 2584 καὶ
312 2531 508 2599 κείνῃσί
534 2533 668 2584 ε’στι.
711 2531 852 2599 ἡμεῖς
885 2532 978 2600 μὲν
1005 2529 1279 2599 τοξεύομέν
1304 2553 1362 2584 τε
1386 2531 1469 2584 καὶ
1495 2531 1696 2586 ἀκοντί-

123 2612 273 2680 ζομεν
297 2610 380 2664 καὶ
407 2608 740 2679 ἱππαζόμεθα,
770 2611 894 2682 ἔργα
929 2610 985 2664 δε
1020 2608 1283 2682 γυναικήια
1308 2609 1399 2664 οὐκ
1427 2609 1697 2679 ἐμάθομεν·
