1975 2892
300 116 411 172 140
880 123 1288 202 ῌΡοΔοΤοΥ

253 255 278 297 8
297 236 587 307 ἅνθρῶπων,
631 236 835 302 νόμοισι
880 234 1132 288 τοιοῖσιδε
1169 234 1439 304 χρέωνται.
1519 231 1612 285 Ἐκ
1652 232 1890 301 χαλκέων

296 313 551 383 ποτηρίων
574 311 801 372 πίνουσι,
832 312 1174 380 διασμέωντες
1199 312 1296 364 ἀνὰ
1329 314 1504 364 πᾶσαν
1539 310 1750 380 ἡμέρην·
1797 311 1888 362 οὐκ

254 407 280 449 8
300 395 328 445 ὁ
354 393 462 458 μὲν,
492 393 521 443 ὁ
549 389 592 443 δ’
620 392 699 450 οὔ,
729 389 869 442 ἀλλὰ
894 391 1098 445 πάντες.
1143 387 1322 457 εἵματα
1349 389 1404 442 δέ
1436 389 1582 442 λίνεα
1607 388 1887 458 φορέουσι,

298 469 397 522 αἰεὶ
424 471 694 522 νεόπλυτα·
740 465 1120 534 ἐπιτηδεύοντες
1152 470 1307 520 τοῦτο
1339 467 1588 534 μάλιστα.
1632 466 1699 519 τά
1723 487 1785 518 τε
1811 465 1888 518 αἶ·

300 548 414 600 δοΐα
454 547 842 615 περιτάμνονται
890 545 1252 616 καθαριότητος
1299 542 1474 597 εἶνεκε·
1543 549 1892 614 προτιμῶντες

259 639 286 680 4
303 624 510 695 καθαροὶ
550 619 674 676 εἶναι
719 621 749 688 ἢ
794 622 1215 694 εὐπρεπέστεροι.
1300 623 1364 676 Οἱ
1400 623 1457 675 δὲ
1505 621 1635 692 ἱρέες
1679 622 1891 691 ξυρεῦν-

301 723 384 756 ται
421 704 523 756 πᾶν
553 701 613 753 τὸ
655 705 806 766 σῶμα
843 699 927 752 διὰ
966 701 1144 771 τρίτης
1185 699 1388 771 ἧμέρης,
1417 697 1500 754 ἵνα
1539 697 1671 768 μῆτε
1713 698 1895 769 φθεὶρ,

302 777 425 847 μήτε
466 777 599 830 ἄλλο
635 777 869 845 μυσαρὸν
906 779 1066 846 μηδὲν
1102 779 1362 851 ἐγγίνηταί
1401 779 1506 847 σφι
1547 775 1899 848 θεραπεῦουσι

262 872 287 914 6
304 856 420 910 τοὺς
446 851 608 908 θεοῦς.
654 852 848 920 ἐσθῆτα
872 855 931 908 δὲ
956 856 1217 927 φορέουσι
1243 858 1294 909 οἶ
1328 855 1457 926 ἱρέες
1482 856 1658 923 λινέην
1683 853 1897 924 μοῦνην,

304 928 705 1010 καίῦποδῆματα
729 928 976 996 βῦβλινα·
1021 934 1191 1003 ἄλλην
1224 935 1282 988 δέ
1308 935 1413 1003 σφι
1441 933 1634 1002 ἐσθῆτα
1663 934 1760 986 οὔκ
1787 933 1898 999 ἔξε-

264 1027 289 1068 ο
306 1032 392 1066 στι
425 1012 624 1076 λαβεῖν,
652 1009 771 1062 οὐδὲ
806 1009 1108 1080 ὖποδῆματα
1142 1012 1299 1066 ἄλλα.
1341 1014 1552 1065 λοῦνται
1592 1012 1650 1064 δὲ
1689 1012 1903 1078 &ts-'rae

262 1101 287 1146 '1
307 1089 489 1159 ἡμέρης
516 1088 731 1155 ἑκάστης
750 1088 963 1162 ψυχρῷ,
983 1090 1067 1142 καὶ
1088 1091 1168 1146 δὶς
1187 1091 1406 1156 ἑκάστης
1426 1091 1620 1144 νυκτός.
1653 1089 1830 1144 ἄλλας
1850 1110 1903 1140 τε

264 1181 290 1221 8
308 1165 551 1238 θρησκίας
568 1166 889 1219 ἐπιτελέουσι
905 1167 1106 1237 μυρίας,
1119 1167 1187 1223 ὧς
1204 1168 1527 1240 είπεῖνλόγῳ.
1549 1169 1833 1236 πάσχουσι
1851 1167 1903 1219 δὲ

307 1245 388 1298 καὶ
414 1243 580 1316 ἀγαθὰ
605 1243 695 1297 οὐκ
722 1243 893 1316 ὀλίγα.
937 1247 1057 1298 οὔτε
1083 1266 1133 1298 τι
1160 1247 1261 1318 γὰρ
1286 1251 1388 1298 τῶν
1407 1239 1610 1312 οἰκηίων
1629 1245 1901 1315 τρίβουσι,
1967 1283 1969 1308 :

310 1326 426 1378 οὔτε
452 1323 808 1376 δαπανέωνται·
854 1322 996 1375 ἀλλὰ
1022 1324 1104 1376 καὶ
1131 1323 1274 1376 σιτία
1301 1323 1408 1392 σφί
1439 1324 1554 1376 ἐστι
1583 1324 1670 1394 ἱρὰ
1696 1325 1904 1378 πεσσό-

310 1424 451 1471 μενα,
490 1402 572 1456 καὶ
614 1405 772 1471 κρεῶν
806 1401 974 1465 βοέων
1017 1401 1099 1454 καὶ
1137 1401 1335 1470 χηνέων
1367 1400 1568 1470 πλῆθός
1602 1421 1653 1454 τι
1700 1403 1906 1473 ἑκάστῳ

311 1480 501 1553 ssyen-at
539 1481 757 1540 πολλὸν,
802 1476 988 1549 ἡμέρης
1028 1480 1265 1547 ἑκάστης·
1331 1480 1526 1532 δίδοται
1565 1478 1626 1532 δέ
1668 1481 1780 1550 σφι
1825 1481 1906 1532 καὶ

272 1575 297 1617 9
312 1555 448 1613 οἶνος
489 1557 785 1627 ἀμπέλινος.
844 1554 1037 1626 ἷχθῦων
1063 1557 1120 1610 δὲ
1157 1559 1220 1610 οὔ
1255 1558 1360 1626 σφι
1395 1557 1569 1624 ἔξεστι
1604 1558 1902 1611 πάσασθαι.

313 1637 531 1705 κυάμους
557 1637 613 1690 δὲ
639 1637 755 1689 οὔτε
782 1656 830 1688 τι
857 1636 999 1704 μάλα
1025 1634 1304 1706 σπείρουσι
1330 1633 1602 1706 Αἰγύπτιοι
1629 1636 1686 1688 ἐν
1705 1640 1772 1703 τῇ
1799 1637 1903 1705 χὼ-

313 1735 395 1785 pn,
433 1712 553 1770 τοῦς
586 1735 643 1766 τε
693 1713 994 1784 γενομένους
1035 1716 1154 1766 οὕτε
1199 1714 1477 1784 τρώγουσι,
1519 1715 1639 1766 οὔτε
1683 1713 1906 1784 ἕψοντες

248 1807 299 1847 10
314 1793 602 1845 πατέονται.
644 1792 695 1844 οἶ
722 1793 777 1845 δέ
798 1791 858 1859 δὴ
889 1791 1018 1861 ἱρέες
1044 1790 1162 1844 οῦδὲ
1189 1791 1419 1860 ὁρέοντες
1445 1790 1737 1859 ἀνέχονται,
1761 1791 1904 1859 νομί-

249 1883 299 1922 11
316 1870 485 1932 (οντες
520 1869 580 1921 οὗ
612 1869 829 1940 καθαρόν
860 1890 947 1938 μιν
974 1864 1100 1923 εἶναι
1131 1867 1369 1939 ὄσπριον.
1421 1870 1587 1940 ἱρᾶται
1627 1868 1688 1922 δὲ
1715 1869 1812 1922 οὐκ
1839 1864 1910 1923 εἷς

313 1945 535 1998 ἑκάστου
562 1951 662 2000 τῶν
688 1946 833 2008 θεῶν,
855 1947 996 2000 ἀλλὰ
1013 1946 1227 2009 πολλοὶ,
1249 1951 1350 2000 τῶν
1375 1941 1452 2002 εἶς
1469 1947 1583 1999 ἐστι
1603 1947 1906 2018 ἆρχιέρεως·

252 2037 257 2042 ’
316 2021 469 2075 ἐπεὰν
507 2023 567 2077 δέ
610 2044 687 2080 τις
732 2025 979 2091 ἀποθάνῃ,
1018 2022 1203 2078 τούτου
1239 2027 1268 2077 ὁ
1307 2026 1428 2079 παῖς
1465 2024 1908 2078 ἀντικατίσταται.

226 2103 300 2157 38
322 2100 449 2154 Τοὺς
490 2100 545 2153 δὲ
592 2101 721 2165 βοῦς
758 2100 877 2156 τοὺς
918 2100 1131 2170 ἔρσενας
1169 2102 1261 2151 τοῦ
1300 2097 1544 2168 Ἐπάφου
1587 2094 1717 2152 εἶναι
1756 2102 1902 2169 νομί-

278 2189 303 2229 2
318 2172 483 2236 ζουσι,
515 2172 596 2225 καὶ
621 2170 805 2226 τούτου
832 2171 996 2227 εἵνεκα
1021 2175 1352 2243 δοκιμάζουσι
1378 2175 1563 2230 αὐτοὺς
1588 2175 1707 2230 ὧδε.
1752 2178 1912 2248 τρίχα

316 2248 377 2315 ἣν
404 2251 485 2302 καὶ
510 2250 630 2317 μίαν
654 2248 819 2317 ἰ’δηται
860 2251 1115 2305 ἐπεοῦσαν
1138 2252 1406 2320 μέλαιναν,
1437 2254 1498 2306 οὗ
1531 2253 1758 2324 καθαρὸν
1781 2251 1912 2309 εἶναι

240 2345 249 2354 ·
278 2343 304 2381 8
318 2327 525 2389 νομίζει.
570 2327 764 2392 δίζηται
790 2328 847 2381 δέ
873 2331 1033 2381 ταῦτα
1067 2330 1151 2383 ἐπὶ
1178 2328 1341 2403 τούτῳ
1369 2331 1674 2403 τεταγμένος
1700 2338 1809 2386 τῶν
1834 2355 1912 2389 τις

318 2399 483 2463 ἱρέων,
514 2403 595 2454 καὶ
622 2403 779 2470 ὀρθοῦ
813 2406 1067 2461 ἑστεῶτος
1101 2411 1194 2460 τοῦ
1234 2407 1440 2476 κτήνεος
1467 2410 1550 2462 καὶ
1588 2409 1798 2471 ὑπτίου,
1829 2412 1912 2464 καὶ

316 2471 410 2533 τὴν
452 2478 708 2566 ἵλῶσσαν
760 2479 1045 2551 ἐξειρύσας,
1091 2483 1137 2536 εἶ
1180 2485 1370 2556 καθαρὴ
1414 2492 1517 2540 τῶν
1561 2488 1912 2558 προκειμένων

278 2558 302 2598 4
320 2563 563 2610 σημηίων,
601 2554 667 2605 Τὰ
700 2554 801 2624 ε’·γῶ
847 2557 903 2609 ἐν
939 2558 1089 2632 ἄλλῳ
1128 2563 1273 2635 λόγῳ
1313 2563 1460 2634 ἐρέω.
1504 2570 1694 2636 κατορᾷ
1731 2567 1791 2621 δέ
1829 2569 1913 2620 καὶ
