1975 2892
283 122 395 179 100
855 96 1264 171 ΗΡοΔ-ὸτογ

1632 169 1772 220 [ſtro.
1793 167 1889 206 538.

236 255 263 297 ς
280 237 543 291 ταλάντων
568 231 887 288 ὀκτακοσίων
914 228 1138 300 χρυσίου
1164 224 1436 291 πεποίηται
1463 228 1640 274 ταῦτα.
1689 224 1796 285 ἔξω
1827 221 1891 273 δέ

280 320 373 369 τοῦ
393 318 531 382 νηοῦ,
549 314 725 379 βωμός
752 309 869 363 ε’στι
897 307 1143 379 χρύσεος.
1183 304 1300 356 ἔστι
1327 304 1385 355 δὲ
1411 301 1494 353 καὶ
1514 302 1683 353 ἄλλος
1699 300 1895 365 βωμὸς

238 413 265 455 a
283 395 456 465 μέγας,
487 392 617 446 ὅπου
640 387 824 442 θύεται
861 388 925 439 τὰ
960 386 1122 438 τέλεα
1155 388 1258 435 τῶν
1293 381 1590 451 προβάτων.
1647 376 1739 431 ε’πὶ
1781 377 1894 447 γὰρ

283 475 375 525 τοῦ
401 470 631 540 χρυσέου
656 469 838 534 βωμοῦ
866 466 956 517 οὐκ
997 464 1172 529 ἔξεστι
1199 457 1356 517 θύειν,
1389 459 1466 510 ὅτι
1501 455 1568 524 μὴ
1605 455 1896 527 γαλαθηνὰ

241 570 269 612 4
286 554 463 620 μοῦνα.
506 548 594 601 ε’πὶ
621 547 675 599 δὲ
696 548 789 598 τοῦ
804 543 1026 610 ,μέζονος
1047 542 1228 607 βωμοῦ
1257 539 1338 591 καὶ
1366 536 1702 604 καταγίζουσι
1724 535 1893 597 λιβα-

289 632 451 683 νωτοῦ
490 628 639 696 χίλια
679 625 903 676 τάλαντα
944 622 1084 673 ἔτεος
1125 618 1344 673 ἑκάστου
1386 616 1434 667 οἱ
1463 614 1739 670 Χαλδαῖοι,
1773 614 1897 663 τότε

246 707 445 764 ‘gn-‘2211
471 706 563 773 τὴν
600 702 752 773 ὁρτὴν
786 700 954 769 ἄγωσι
995 698 1067 769 τῷ
1109 695 1206 767 θεῷ
1247 692 1430 764 τούτῳ.
1504 687 1612 741 Ἢν
1637 692 1700 743 δὲ
1731 690 1791 743 ἐν
1820 692 1898 761 τῷ

290 786 486 852 τεμένεῖ
509 780 673 853 τούτῳ
702 781 777 831 ἔτι
810 780 901 830 τὸν
936 778 1126 847 χρόνον
1162 772 1352 825 ἐκεῖνον
1389 771 1470 823 καὶ
1507 770 1718 838 ἀνδριὰς
1754 771 1897 821 δυώ-

292 864 413 917 δεκα
438 859 659 928 πηχέων,
688 854 931 927 χρύσεος,
964 856 1190 923 στερεός.
1243 850 1345 919 ἐγὼ
1372 849 1462 915 μέν
1489 869 1574 915 μιν
1603 848 1698 899 οὐκ
1729 844 1896 899 εἶδον·

252 941 359 997 6τᾶ
400 940 455 991 δὲ
495 939 701 1008 λέγεται
742 936 841 988 ὑπὸ
882 933 1167 990 Χαλδαίων,
1197 933 1356 983 ταῦτα
1392 928 1549 997 λέγω.
1607 924 1784 997 τούτῳ
1825 932 1903 999 τῷ

295 1018 551 1087 ἀνδριάντι
580 1016 791 1084 Δαρεῖος
826 1012 917 1080 μὲν
944 1015 973 1063 ὁ
999 1010 1325 1065 Ὑστάσπεος
1359 1002 1768 1068 ἐπιβουλεύσας,
1802 1006 1902 1055 οὐκ

297 1095 556 1162 ἐτόλμησε
580 1095 781 1155 λαβεῖν·
828 1090 1022 1159 Ξέρξης
1057 1089 1111 1139 δὲ
1149 1090 1177 1138 ὁ
1201 1084 1424 1155 ,Δαρείου
1461 1084 1645 1145 ἔλαβε,
1675 1084 1766 1134 καὶ
1807 1086 1904 1135 τὸν

94 1194 104 1213 ‘
300 1174 409 1245 ἱρέα
436 1172 711 1233 ἀπέκτεινε,
740 1165 1122 1238 ἀπαγορεύοντα
1157 1164 1225 1232 μὴ
1263 1165 1442 1217 κινέειν
1477 1162 1564 1213 τὸν
1591 1160 1900 1229 ἀνδριάντα.

258 1267 280 1310 7
300 1254 359 1305 τὸ
386 1252 478 1318 μὲν
502 1250 565 1318 δὴ
584 1250 707 1318 ,ἱρὸν
731 1250 885 1301 τοῦτο
912 1243 1046 1298 οὕτω
1075 1246 1378 1309 κεκόσμητο.
1435 1241 1553 1291 ἔστι
1589 1238 1644 1294 δὲ
1672 1240 1761 1293 καὶ
1788 1236 1908 1291 ἴδια

305 1327 599 1395 ἀναθήματα
623 1325 819 1379 πολλά.

172 1415 285 1467 184
394 1410 492 1475 Τῆς
519 1408 573 1459 δε
610 1407 915 1468 Βαβυλῶνος
945 1404 1128 1469 ταύτης
1160 1400 1354 1457 πολλοὶ
1384 1397 1476 1465 μέν
1498 1416 1590 1449 κου
1617 1395 1700 1449 καὶ
1729 1395 1901 1447 ἄλλοι

316 1485 548 1557 ἐγένοντο
586 1482 847 1548 βασιλέες,
888 1486 989 1536 τῶν
1029 1482 1082 1533 ἐν
1119 1481 1260 1532 τοῖσι
1299 1474 1632 1543 Ἀσσυρίοισι
1669 1475 1901 1543 λόγοισι

315 1562 513 1633 μνήμην
551 1560 848 1630 ποιήσομαι,
892 1556 941 1612 οἳ
980 1559 1046 1612 τὰ
1087 1557 1260 1625 τείχεά
1299 1577 1354 1608 τε
1398 1554 1762 1619 ἐπεκόσμησαν
1805 1553 1900 1604 καὶ

264 1657 289 1696 2
316 1643 380 1695 τὰ
426 1643 526 1712 ἱρά·
569 1642 623 1693 ἐν
664 1642 719 1693 δὲ
766 1640 827 1706 δὴ
876 1638 955 1691 καὶ
998 1638 1230 1706 γυναῖκες
1275 1631 1382 1687 δύο.
1423 1630 1454 1699 ἦ
1497 1634 1590 1699 μὲν
1632 1630 1902 1699 πρότερον

170 1716 263 1797 2333:
310 1719 529 1789 ἄρξασα,
558 1718 649 1782 τῆς
683 1712 902 1783 ὕστερον
934 1711 1142 1782 γενεῇσι
1167 1708 1318 1762 πέντε
1341 1710 1594 1776 πρότερον
1627 1710 1908 1777 γενομὲνη,

310 1802 371 1863 τῇ
410 1800 599 1862 οὕνομα
632 1791 695 1859 ἦν
734 1791 1024 1860 Σεμίραμις.
1067 1786 1192 1851 αὕτη
1233 1787 1326 1855 μὲν
1359 1784 1642 1850 ἀπεδέξατο
1681 1786 1912 1853 χώματα

311 1874 405 1926 ἀντὶ
446 1876 504 1927 τὸ
544 1872 719 1925 πεδίον
758 1869 907 1922 ε’όντα
944 1866 1230 1933 ἀξιοθέητα·
1285 1866 1538 1935 πρότερον
1577 1864 1633 1917 δὲ
1675 1863 1833 1917 ἐώθεε
1879 1868 1912 1916 ὁ

178 1951 288 2004 185
312 1952 539 2018 ποταμὸς
564 1950 657 2001 ἀνὰ
676 1951 736 2001 τὸ
762 1949 939 1999 πεδίον
963 1948 1068 1999 πᾶν
1091 1943 1404 2014 πελαγίζειν.
1644 1939 1713 1993 Ἦ
1755 1942 1813 1995 δὲ
1843 1942 1912 2009 δὴ

314 2026 551 2098 δεύτερον
574 2025 815 2096 γενομένη
836 2022 1019 2090 ταύτης·
1044 2022 1314 2092 βασίλεια,
1335 2025 1397 2089 τῇ
1426 2024 1616 2088 οὕνομα
1639 2017 1702 2086 ἦν
1729 2021 1909 2073 Νίτω-

315 2130 439 2179 κρις,
498 2103 647 2179 (αὕτη
711 2104 765 2156 δὲ
826 2099 1140 2171 συνετωτέρη
1197 2100 1442 2171 γενομένη
1505 2101 1596 2167 τῆς
1648 2101 1916 2169 πρότερον

314 2178 591 2257 ἀρξάσης,)
654 2184 805 2235 τοῦτο
868 2181 977 2248 μὲν,
1042 2181 1340 2247 μνημόσυνα
1401 2178 1616 2232 ἐλίπετο
1677 2176 1742 2229 τὰ
1806 2178 1915 2248 ἐγὼ

314 2262 662 2335 ἀπηγήσομαι·
706 2262 859 2311 τοῦτο
888 2260 961 2318 δὲ,
992 2257 1084 2325 τὴν
1121 2255 1312 2325 Μήδων
1335 2259 1514 2326 ὁρῶσα
1543 2254 1709 2325 ἀρχὴν
1742 2256 1912 2325 μεγά-

314 2346 413 2407 λην
440 2362 495 2393 τε
524 2342 604 2392 καὶ
630 2339 721 2390 οὐκ
748 2335 1137 2406 ἀτρεμίζουσαν,
1161 2336 1301 2387 ἅλλα
1325 2356 1382 2387 τε
1408 2333 1716 2405 ἀραιρημένα
1741 2334 1917 2386 ἄστεα
1974 2328 1975 2335 ¹

316 2419 538 2475 αὐτοῖσι,
582 2418 636 2469 ἐν
676 2416 731 2467 δὲ
772 2414 833 2481 δὴ
876 2415 957 2465 καὶ
995 2413 1089 2480 τὴν
1142 2416 1314 2473 Νῖνον,
1357 2412 1763 2481 προεφυλάξατο
1807 2412 1917 2465 ὅσα

276 2502 301 2539 2
320 2492 529 2543 ἐδύνατο
556 2495 804 2560 μάλιστα.
889 2496 1080 2561 Πρῶτα
1103 2491 1198 2557 μὲν
1223 2493 1314 2543 τὸν
1349 2489 1628 2560 Εὐφρήτην
1653 2492 1915 2557 ποταμὸν,

318 2566 501 2636 ῥέοντα
526 2572 775 2639 πρότερον
802 2567 931 2627 ἰθὺν,
955 2566 1012 2621 ὅς
1041 2570 1147 2637 σφι
1173 2568 1258 2621 διὰ
1276 2569 1365 2635 τῆς
1383 2570 1568 2623 πόλιος
1593 2568 1757 2635 μέσης
1784 2567 1917 2639 ῥέει,
