<?xml version="1.0" encoding="UTF-8"?>
<!DOCTYPE html PUBLIC "-//W3C//DTD XHTML 1.0 Transitional//EN"
    "http://www.w3.org/TR/xhtml1/DTD/xhtml1-transitional.dtd">
<html xmlns="http://www.w3.org/1999/xhtml" xml:lang="en" lang="en">
 <head>
  <title>
</title>
<meta http-equiv="Content-Type" content="text/html;charset=utf-8" />
  <meta name='ocr-system' content='tesseract 3.04.00' />
  <meta name='ocr-capabilities' content='ocr_page ocr_carea ocr_par ocr_line ocrx_word'/>
</head>
<body>
  <div class='ocr_page' id='page_1' title='image "./herodotihistori00westgoog_0066.png"; bbox 0 0 1975 2892; ppageno 0'>
   <div class='ocr_carea' id='block_1_1' title="bbox 225 80 1806 195">
    <p class='ocr_par' dir='ltr' id='par_1_1' title="bbox 225 80 1806 195">
     <span class='ocr_line' id='line_1_1' title="bbox 225 80 1288 137; baseline -0.004 -1"><span class='ocrx_word' id='word_1_1' title='bbox 225 80 300 136; x_wconf 83' lang='lat'>24</span> <span class='ocrx_word' id='word_1_2' title='bbox 806 93 1211 137; x_wconf 77' lang='grc' dir='ltr'>ΗΡοΔοΤοΥ</span> <span class='ocrx_word' id='word_1_3' title='bbox 1284 127 1288 132; x_wconf 86' lang='grc'>,</span> 
     </span>
     <span class='ocr_line' id='line_1_2' title="bbox 1440 147 1806 195; baseline 0 -9"><span class='ocrx_word' id='word_1_4' title='bbox 1440 148 1507 195; x_wconf 88' lang='lat' dir='ltr'>[A.</span> <span class='ocrx_word' id='word_1_5' title='bbox 1524 147 1571 186; x_wconf 79' lang='lat' dir='ltr'>C&#39;.</span> <span class='ocrx_word' id='word_1_6' title='bbox 1590 147 1806 186; x_wconf 77' lang='lat'><em>560—546.</em></span> 
     </span>
    </p>
   </div>
   <div class='ocr_carea' id='block_1_2' title="bbox 306 227 1517 422">
    <p class='ocr_par' dir='ltr' id='par_1_2' title="bbox 306 227 1517 422">
     <span class='ocr_line' id='line_1_3' title="bbox 306 227 1517 310; baseline -0.002 -32"><span class='ocrx_word' id='word_1_7' title='bbox 306 231 458 290; x_wconf 81' lang='grc' dir='ltr'>Ὀδμή</span> <span class='ocrx_word' id='word_1_8' title='bbox 479 231 526 290; x_wconf 83' lang='grc' dir='ltr'>μ’</span> <span class='ocrx_word' id='word_1_9' title='bbox 553 233 602 280; x_wconf 80' lang='grc' dir='ltr'>ἐς</span> <span class='ocrx_word' id='word_1_10' title='bbox 623 230 810 310; x_wconf 81' lang='grc' dir='ltr'>φρένας</span> <span class='ocrx_word' id='word_1_11' title='bbox 817 230 936 286; x_wconf 81' lang='grc' dir='ltr'>ἦλθε</span> <span class='ocrx_word' id='word_1_12' title='bbox 958 229 1269 293; x_wconf 77' lang='grc' dir='ltr'>κραταιρίνοιο</span> <span class='ocrx_word' id='word_1_13' title='bbox 1293 227 1517 290; x_wconf 74' lang='grc' dir='ltr'>χελώνης</span> 
     </span>
     <span class='ocr_line' id='line_1_4' title="bbox 311 293 1391 374; baseline -0.002 -33"><span class='ocrx_word' id='word_1_14' title='bbox 311 294 544 354; x_wconf 81' lang='grc' dir='ltr'>ἑψομένης</span> <span class='ocrx_word' id='word_1_15' title='bbox 567 296 618 342; x_wconf 80' lang='grc' dir='ltr'>ἐν</span> <span class='ocrx_word' id='word_1_16' title='bbox 640 297 810 354; x_wconf 73' lang='grc' dir='ltr'>χαλκῷ</span> <span class='ocrx_word' id='word_1_17' title='bbox 834 293 909 352; x_wconf 74' lang='grc' dir='ltr'>ἅμ’</span> <span class='ocrx_word' id='word_1_18' title='bbox 937 294 1157 356; x_wconf 78' lang='grc' dir='ltr'>ἀρνείοισι</span> <span class='ocrx_word' id='word_1_19' title='bbox 1181 293 1391 374; x_wconf 82' lang='grc' dir='ltr'>κρέεσσι,</span> 
     </span>
     <span class='ocr_line' id='line_1_5' title="bbox 307 353 1517 422; baseline -0.003 -16"><span class='ocrx_word' id='word_1_20' title='bbox 307 353 340 422; x_wconf 71' lang='grc' dir='ltr'><strong><em>ᾖ</em></strong></span> <span class='ocrx_word' id='word_1_21' title='bbox 361 357 546 418; x_wconf 80' lang='grc' dir='ltr'>χαλκὸς</span> <span class='ocrx_word' id='word_1_22' title='bbox 566 355 656 417; x_wconf 84' lang='grc' dir='ltr'>μὲν</span> <span class='ocrx_word' id='word_1_23' title='bbox 679 355 986 420; x_wconf 82' lang='grc' dir='ltr'>ὑπέστρωται,</span> <span class='ocrx_word' id='word_1_24' title='bbox 1012 356 1199 417; x_wconf 82' lang='grc' dir='ltr'>χαλκὸν</span> <span class='ocrx_word' id='word_1_25' title='bbox 1220 359 1260 404; x_wconf 84' lang='grc' dir='ltr'>δ’</span> <span class='ocrx_word' id='word_1_26' title='bbox 1285 354 1517 404; x_wconf 76' lang='grc' dir='ltr'>ἐπιέσται.</span> 
     </span>
    </p>
   </div>
   <div class='ocr_carea' id='block_1_3' title="bbox 125 438 1817 2610">
    <p class='ocr_par' dir='ltr' id='par_1_3' title="bbox 125 438 1817 1366">
     <span class='ocr_line' id='line_1_6' title="bbox 125 438 1794 536; baseline -0.003 -41"><span class='ocrx_word' id='word_1_27' title='bbox 125 443 214 495; x_wconf 70' lang='lat'>48</span> <span class='ocrx_word' id='word_1_28' title='bbox 309 447 475 496; x_wconf 86' lang='grc' dir='ltr'>Ταῦτα</span> <span class='ocrx_word' id='word_1_29' title='bbox 527 444 576 496; x_wconf 81' lang='grc' dir='ltr'>οἱ</span> <span class='ocrx_word' id='word_1_30' title='bbox 629 442 783 495; x_wconf 78' lang='grc' dir='ltr'>Λυδοὶ</span> <span class='ocrx_word' id='word_1_31' title='bbox 825 439 1151 536; x_wconf 69' lang='grc' dir='ltr'>θεσπισάσης</span> <span class='ocrx_word' id='word_1_32' title='bbox 1190 441 1281 506; x_wconf 83' lang='grc' dir='ltr'>τῆς</span> <span class='ocrx_word' id='word_1_33' title='bbox 1323 438 1521 505; x_wconf 81' lang='grc' dir='ltr'>Πυθίης</span> <span class='ocrx_word' id='word_1_34' title='bbox 1562 459 1794 506; x_wconf 83' lang='grc' dir='ltr'>συγγρα-</span> 
     </span>
     <span class='ocr_line' id='line_1_7' title="bbox 193 515 1813 589; baseline -0.005 -15"><span class='ocrx_word' id='word_1_35' title='bbox 193 519 471 589; x_wconf 67' lang='grc' dir='ltr'>Ξψάμενοι,</span> <span class='ocrx_word' id='word_1_36' title='bbox 509 515 712 586; x_wconf 78' lang='grc' dir='ltr'>οἴχοντο</span> <span class='ocrx_word' id='word_1_37' title='bbox 755 516 986 570; x_wconf 80' lang='grc' dir='ltr'>ἀπιόντες</span> <span class='ocrx_word' id='word_1_38' title='bbox 1041 516 1093 571; x_wconf 89' lang='grc' dir='ltr'>ἐς</span> <span class='ocrx_word' id='word_1_39' title='bbox 1128 516 1218 570; x_wconf 81' lang='grc' dir='ltr'>τὰς</span> <span class='ocrx_word' id='word_1_40' title='bbox 1260 516 1460 584; x_wconf 81' lang='grc' dir='ltr'>Σάρδις.</span> <span class='ocrx_word' id='word_1_41' title='bbox 1524 515 1593 570; x_wconf 80' lang='grc' dir='ltr'>ὧς</span> <span class='ocrx_word' id='word_1_42' title='bbox 1634 516 1689 568; x_wconf 82' lang='grc' dir='ltr'>δέ</span> <span class='ocrx_word' id='word_1_43' title='bbox 1726 516 1813 567; x_wconf 83' lang='grc' dir='ltr'>καὶ</span> 
     </span>
     <span class='ocr_line' id='line_1_8' title="bbox 227 593 1813 689; baseline -0.002 -38.967"><span class='ocrx_word' id='word_1_44' title='bbox 227 597 408 650; x_wconf 81' lang='grc' dir='ltr'>ὧλλοι</span> <span class='ocrx_word' id='word_1_45' title='bbox 435 598 484 650; x_wconf 77' lang='grc' dir='ltr'>οἱ</span> <span class='ocrx_word' id='word_1_46' title='bbox 519 594 952 666; x_wconf 81' lang='grc' dir='ltr'>περιπεμφθέντες</span> <span class='ocrx_word' id='word_1_47' title='bbox 987 595 1226 663; x_wconf 83' lang='grc' dir='ltr'>παρῆσαν</span> <span class='ocrx_word' id='word_1_48' title='bbox 1252 593 1499 664; x_wconf 85' lang='grc' dir='ltr'>φέροντες</span> <span class='ocrx_word' id='word_1_49' title='bbox 1532 593 1651 648; x_wconf 79' lang='grc' dir='ltr'>τοὺς</span> <span class='ocrx_word' id='word_1_50' title='bbox 1651 615 1813 689; x_wconf 87' lang='grc' dir='ltr'>χρη-</span> 
     </span>
     <span class='ocr_line' id='line_1_9' title="bbox 231 669 1817 743; baseline -0.003 -15"><span class='ocrx_word' id='word_1_51' title='bbox 231 675 412 743; x_wconf 80' lang='grc' dir='ltr'>σμοὺς,</span> <span class='ocrx_word' id='word_1_52' title='bbox 447 675 660 727; x_wconf 85' lang='grc' dir='ltr'>ἐνθαῦτα</span> <span class='ocrx_word' id='word_1_53' title='bbox 701 676 730 725; x_wconf 98' lang='lat'><em>6</em></span> <span class='ocrx_word' id='word_1_54' title='bbox 773 674 999 742; x_wconf 83' lang='grc' dir='ltr'>Κροῖσος</span> <span class='ocrx_word' id='word_1_55' title='bbox 1034 671 1225 723; x_wconf 84' lang='grc' dir='ltr'>ἕκαστα</span> <span class='ocrx_word' id='word_1_56' title='bbox 1258 669 1605 724; x_wconf 80' lang='grc' dir='ltr'>ἀναπτύσσων</span> <span class='ocrx_word' id='word_1_57' title='bbox 1637 671 1817 740; x_wconf 80' lang='grc' dir='ltr'>ἐπώρα</span> 
     </span>
     <span class='ocr_line' id='line_1_10' title="bbox 191 749 1815 823; baseline -0.002 -17"><span class='ocrx_word' id='word_1_58' title='bbox 191 759 329 806; x_wconf 69' lang='grc' dir='ltr'>θτῶν</span> <span class='ocrx_word' id='word_1_59' title='bbox 358 752 785 823; x_wconf 82' lang='grc' dir='ltr'>συγγραμμάτων.</span> <span class='ocrx_word' id='word_1_60' title='bbox 828 756 929 802; x_wconf 82' lang='grc' dir='ltr'>τῶν</span> <span class='ocrx_word' id='word_1_61' title='bbox 953 750 1047 816; x_wconf 81' lang='grc' dir='ltr'>μὲν</span> <span class='ocrx_word' id='word_1_62' title='bbox 1074 749 1133 816; x_wconf 85' lang='grc' dir='ltr'>δὴ</span> <span class='ocrx_word' id='word_1_63' title='bbox 1169 749 1316 802; x_wconf 78' lang='grc' dir='ltr'>οὐδὲν</span> <span class='ocrx_word' id='word_1_64' title='bbox 1340 750 1589 819; x_wconf 88' lang='grc' dir='ltr'>προσίετό</span> <span class='ocrx_word' id='word_1_65' title='bbox 1628 762 1733 817; x_wconf 90' lang='grc' dir='ltr'>μιν·</span> <span class='ocrx_word' id='word_1_66' title='bbox 1782 753 1815 802; x_wconf 93' lang='lat'><em>6</em></span> 
     </span>
     <span class='ocr_line' id='line_1_11' title="bbox 231 825 1816 897; baseline -0.002 -14"><span class='ocrx_word' id='word_1_67' title='bbox 231 831 305 888; x_wconf 79' lang='grc' dir='ltr'>δὲ,</span> <span class='ocrx_word' id='word_1_68' title='bbox 336 831 404 884; x_wconf 80' lang='grc' dir='ltr'>ὡς</span> <span class='ocrx_word' id='word_1_69' title='bbox 429 831 488 881; x_wconf 82' lang='grc' dir='ltr'>τὸ</span> <span class='ocrx_word' id='word_1_70' title='bbox 517 829 571 880; x_wconf 87' lang='grc' dir='ltr'>ἐκ</span> <span class='ocrx_word' id='word_1_71' title='bbox 598 829 822 897; x_wconf 82' lang='grc' dir='ltr'>Δελφῶν</span> <span class='ocrx_word' id='word_1_72' title='bbox 846 830 1055 895; x_wconf 81' lang='grc' dir='ltr'>ἤκουσε,</span> <span class='ocrx_word' id='word_1_73' title='bbox 1085 826 1263 879; x_wconf 79' lang='grc' dir='ltr'>αὐτίκα</span> <span class='ocrx_word' id='word_1_74' title='bbox 1294 825 1618 896; x_wconf 83' lang='grc' dir='ltr'>προσεύχετό</span> <span class='ocrx_word' id='word_1_75' title='bbox 1642 848 1701 879; x_wconf 87' lang='grc' dir='ltr'>τε</span> <span class='ocrx_word' id='word_1_76' title='bbox 1727 829 1816 880; x_wconf 83' lang='grc' dir='ltr'>καὶ</span> 
     </span>
     <span class='ocr_line' id='line_1_12' title="bbox 227 899 1811 978; baseline -0.003 -16"><span class='ocrx_word' id='word_1_77' title='bbox 227 906 597 978; x_wconf 78' lang='grc' dir='ltr'>προσεδέξατο,</span> <span class='ocrx_word' id='word_1_78' title='bbox 627 907 841 974; x_wconf 83' lang='grc' dir='ltr'>νομίσας</span> <span class='ocrx_word' id='word_1_79' title='bbox 865 909 1055 974; x_wconf 89' lang='grc' dir='ltr'>μοῦνον</span> <span class='ocrx_word' id='word_1_80' title='bbox 1080 899 1205 958; x_wconf 78' lang='grc' dir='ltr'>εἶναι</span> <span class='ocrx_word' id='word_1_81' title='bbox 1230 901 1471 972; x_wconf 80' lang='grc' dir='ltr'>μαντήἵον</span> <span class='ocrx_word' id='word_1_82' title='bbox 1496 907 1556 957; x_wconf 87' lang='grc' dir='ltr'>τὸ</span> <span class='ocrx_word' id='word_1_83' title='bbox 1590 905 1644 958; x_wconf 85' lang='grc' dir='ltr'>ἐν</span> <span class='ocrx_word' id='word_1_84' title='bbox 1670 907 1811 958; x_wconf 84' lang='grc' dir='ltr'>Δελ-</span> 
     </span>
     <span class='ocr_line' id='line_1_13' title="bbox 229 981 1815 1055; baseline -0.001 -17"><span class='ocrx_word' id='word_1_85' title='bbox 229 988 403 1055; x_wconf 86' lang='grc' dir='ltr'>φοῖσι,</span> <span class='ocrx_word' id='word_1_86' title='bbox 433 984 511 1037; x_wconf 84' lang='grc' dir='ltr'>ὅτι</span> <span class='ocrx_word' id='word_1_87' title='bbox 531 987 580 1036; x_wconf 78' lang='grc' dir='ltr'>οἱ</span> <span class='ocrx_word' id='word_1_88' title='bbox 607 982 868 1054; x_wconf 79' lang='grc' dir='ltr'>ἐξευρήκεε</span> <span class='ocrx_word' id='word_1_89' title='bbox 887 984 951 1036; x_wconf 86' lang='grc' dir='ltr'>τὰ</span> <span class='ocrx_word' id='word_1_90' title='bbox 976 985 1129 1038; x_wconf 80' lang='grc' dir='ltr'>αὐτὸς</span> <span class='ocrx_word' id='word_1_91' title='bbox 1156 981 1384 1049; x_wconf 86' lang='grc' dir='ltr'>ἐποίησε,</span> <span class='ocrx_word' id='word_1_92' title='bbox 1408 983 1519 1036; x_wconf 87' lang='grc' dir='ltr'>ἐπεί</span> <span class='ocrx_word' id='word_1_93' title='bbox 1544 1004 1601 1036; x_wconf 87' lang='grc' dir='ltr'>τε</span> <span class='ocrx_word' id='word_1_94' title='bbox 1624 983 1725 1054; x_wconf 82' lang='grc' dir='ltr'>γὰρ</span> <span class='ocrx_word' id='word_1_95' title='bbox 1746 983 1815 1052; x_wconf 84' lang='grc' dir='ltr'>δὴ</span> 
     </span>
     <span class='ocr_line' id='line_1_14' title="bbox 229 1060 1813 1134; baseline -0.002 -17"><span class='ocrx_word' id='word_1_96' title='bbox 229 1065 483 1134; x_wconf 73' lang='grc' dir='ltr'>διέπεμψε</span> <span class='ocrx_word' id='word_1_97' title='bbox 521 1064 658 1133; x_wconf 85' lang='grc' dir='ltr'>παρὰ</span> <span class='ocrx_word' id='word_1_98' title='bbox 691 1064 754 1114; x_wconf 82' lang='grc' dir='ltr'>τὰ</span> <span class='ocrx_word' id='word_1_99' title='bbox 785 1060 1076 1132; x_wconf 80' lang='grc' dir='ltr'>χρηστήρια</span> <span class='ocrx_word' id='word_1_100' title='bbox 1109 1061 1229 1116; x_wconf 78' lang='grc' dir='ltr'>τοὺς</span> <span class='ocrx_word' id='word_1_101' title='bbox 1268 1061 1602 1131; x_wconf 84' lang='grc' dir='ltr'>θεοπρόπους,</span> <span class='ocrx_word' id='word_1_102' title='bbox 1632 1062 1813 1130; x_wconf 83' lang='grc' dir='ltr'>φυλά-</span> 
     </span>
     <span class='ocr_line' id='line_1_15' title="bbox 185 1136 1815 1211; baseline 0.001 -21"><span class='ocrx_word' id='word_1_103' title='bbox 185 1151 211 1190; x_wconf 75' lang='lat'>4</span> <span class='ocrx_word' id='word_1_104' title='bbox 230 1143 322 1208; x_wconf 79' lang='grc' dir='ltr'>ξας</span> <span class='ocrx_word' id='word_1_105' title='bbox 354 1144 446 1208; x_wconf 84' lang='grc' dir='ltr'>τὴν</span> <span class='ocrx_word' id='word_1_106' title='bbox 471 1142 644 1211; x_wconf 83' lang='grc' dir='ltr'>κυρίην</span> <span class='ocrx_word' id='word_1_107' title='bbox 669 1145 769 1192; x_wconf 84' lang='grc' dir='ltr'>τῶν</span> <span class='ocrx_word' id='word_1_108' title='bbox 801 1139 1043 1210; x_wconf 75' lang='grc' dir='ltr'>ἡμερέων,</span> <span class='ocrx_word' id='word_1_109' title='bbox 1074 1136 1430 1208; x_wconf 76' lang='grc' dir='ltr'>ἐμηχανήσατο</span> <span class='ocrx_word' id='word_1_110' title='bbox 1466 1141 1653 1192; x_wconf 82' lang='grc' dir='ltr'>τοιάδε·</span> <span class='ocrx_word' id='word_1_111' title='bbox 1699 1139 1815 1192; x_wconf 85' lang='grc' dir='ltr'>ἐπι-</span> 
     </span>
     <span class='ocr_line' id='line_1_16' title="bbox 229 1215 1810 1318; baseline -0.003 -45"><span class='ocrx_word' id='word_1_112' title='bbox 229 1218 419 1286; x_wconf 82' lang='grc' dir='ltr'>νοήσας</span> <span class='ocrx_word' id='word_1_113' title='bbox 453 1219 516 1271; x_wconf 82' lang='grc' dir='ltr'>τὰ</span> <span class='ocrx_word' id='word_1_114' title='bbox 549 1217 628 1318; x_wconf 62' lang='grc' dir='ltr'>ἦνιν</span> <span class='ocrx_word' id='word_1_115' title='bbox 636 1215 894 1285; x_wconf 76' lang='grc' dir='ltr'>ἀμήχανον</span> <span class='ocrx_word' id='word_1_116' title='bbox 930 1217 1153 1288; x_wconf 80' lang='grc' dir='ltr'>ἐξευρεῖν</span> <span class='ocrx_word' id='word_1_117' title='bbox 1177 1240 1233 1271; x_wconf 87' lang='grc' dir='ltr'>τε</span> <span class='ocrx_word' id='word_1_118' title='bbox 1276 1218 1357 1269; x_wconf 83' lang='grc' dir='ltr'>καὶ</span> <span class='ocrx_word' id='word_1_119' title='bbox 1393 1217 1810 1288; x_wconf 85' lang='grc' dir='ltr'>ἐπιφράσασθαι·</span> 
     </span>
     <span class='ocr_line' id='line_1_17' title="bbox 227 1294 1815 1366; baseline -0.001 -16"><span class='ocrx_word' id='word_1_120' title='bbox 227 1299 461 1366; x_wconf 85' lang='grc' dir='ltr'>χελώνην</span> <span class='ocrx_word' id='word_1_121' title='bbox 487 1297 568 1348; x_wconf 80' lang='grc' dir='ltr'>καὶ</span> <span class='ocrx_word' id='word_1_122' title='bbox 594 1296 720 1366; x_wconf 87' lang='grc' dir='ltr'>αρνα</span> <span class='ocrx_word' id='word_1_123' title='bbox 747 1297 1110 1366; x_wconf 72' lang='grc' dir='ltr'>κατακόψας,”</span> <span class='ocrx_word' id='word_1_124' title='bbox 1084 1299 1211 1363; x_wconf 83' lang='grc' dir='ltr'>ομοῦ</span> <span class='ocrx_word' id='word_1_125' title='bbox 1228 1294 1357 1365; x_wconf 77' lang='grc' dir='ltr'>ἕψεε</span> <span class='ocrx_word' id='word_1_126' title='bbox 1376 1295 1527 1350; x_wconf 76' lang='grc' dir='ltr'>αὐτὸς</span> <span class='ocrx_word' id='word_1_127' title='bbox 1554 1295 1607 1348; x_wconf 88' lang='grc' dir='ltr'>ἐν</span> <span class='ocrx_word' id='word_1_128' title='bbox 1625 1295 1815 1362; x_wconf 89' lang='grc' dir='ltr'>λέβητι</span> 
     </span>
    </p>

    <p class='ocr_par' dir='ltr' id='par_1_4' title="bbox 143 1372 1815 1833">
     <span class='ocr_line' id='line_1_18' title="bbox 143 1372 1815 1448; baseline -0.002 -20"><span class='ocrx_word' id='word_1_129' title='bbox 143 1375 210 1428; x_wconf 70' lang='lat'>19</span> <span class='ocrx_word' id='word_1_130' title='bbox 227 1375 450 1448; x_wconf 86' lang='grc' dir='ltr'>χαλκέω,</span> <span class='ocrx_word' id='word_1_131' title='bbox 479 1377 703 1444; x_wconf 82' lang='grc' dir='ltr'>χάλκεον</span> <span class='ocrx_word' id='word_1_132' title='bbox 738 1372 956 1441; x_wconf 83' lang='grc' dir='ltr'>ἐπίθημα</span> <span class='ocrx_word' id='word_1_133' title='bbox 996 1373 1206 1428; x_wconf 87' lang='grc' dir='ltr'>ἐπιθείς.</span> <span class='ocrx_word' id='word_1_134' title='bbox 1414 1374 1489 1427; x_wconf 82' lang='grc' dir='ltr'>Τὰ</span> <span class='ocrx_word' id='word_1_135' title='bbox 1526 1374 1620 1441; x_wconf 79' lang='grc' dir='ltr'>μὲν</span> <span class='ocrx_word' id='word_1_136' title='bbox 1655 1373 1717 1440; x_wconf 83' lang='grc' dir='ltr'>δὴ</span> <span class='ocrx_word' id='word_1_137' title='bbox 1756 1374 1815 1426; x_wconf 88' lang='grc' dir='ltr'>ἐκ</span> 
     </span>
     <span class='ocr_line' id='line_1_19' title="bbox 230 1449 1813 1524; baseline -0.003 -17"><span class='ocrx_word' id='word_1_138' title='bbox 230 1455 456 1523; x_wconf 83' lang='grc' dir='ltr'>Δελφῶν</span> <span class='ocrx_word' id='word_1_139' title='bbox 494 1451 627 1506; x_wconf 81' lang='grc' dir='ltr'>οὕτω</span> <span class='ocrx_word' id='word_1_140' title='bbox 664 1455 735 1524; x_wconf 76' lang='grc' dir='ltr'>τῷ</span> <span class='ocrx_word' id='word_1_141' title='bbox 764 1452 975 1524; x_wconf 90' lang='grc' dir='ltr'>Κροίσω</span> <span class='ocrx_word' id='word_1_142' title='bbox 1013 1449 1265 1520; x_wconf 85' lang='grc' dir='ltr'>ε’χρησθη·</span> <span class='ocrx_word' id='word_1_143' title='bbox 1308 1452 1435 1504; x_wconf 81' lang='grc' dir='ltr'>κατὰ</span> <span class='ocrx_word' id='word_1_144' title='bbox 1474 1452 1533 1504; x_wconf 82' lang='grc' dir='ltr'>δὲ</span> <span class='ocrx_word' id='word_1_145' title='bbox 1566 1451 1659 1518; x_wconf 82' lang='grc' dir='ltr'>τὴν</span> <span class='ocrx_word' id='word_1_146' title='bbox 1682 1450 1813 1518; x_wconf 80' lang='grc' dir='ltr'>Ἀμ-</span> 
     </span>
     <span class='ocr_line' id='line_1_20' title="bbox 229 1525 1815 1602; baseline -0.001 -18"><span class='ocrx_word' id='word_1_147' title='bbox 229 1533 428 1602; x_wconf 90' lang='grc' dir='ltr'>φιάρεω</span> <span class='ocrx_word' id='word_1_148' title='bbox 467 1535 559 1584; x_wconf 85' lang='grc' dir='ltr'>τοῦ</span> <span class='ocrx_word' id='word_1_149' title='bbox 597 1525 840 1598; x_wconf 84' lang='grc' dir='ltr'>μαντηΐου</span> <span class='ocrx_word' id='word_1_150' title='bbox 880 1531 1172 1600; x_wconf 83' lang='grc' dir='ltr'>ἀπόκρισιν,</span> <span class='ocrx_word' id='word_1_151' title='bbox 1222 1529 1312 1581; x_wconf 82' lang='grc' dir='ltr'>οὔκ</span> <span class='ocrx_word' id='word_1_152' title='bbox 1354 1531 1457 1597; x_wconf 77' lang='grc' dir='ltr'>ἔχω</span> <span class='ocrx_word' id='word_1_153' title='bbox 1506 1551 1641 1582; x_wconf 89' lang='grc' dir='ltr'>ειπαι</span> <span class='ocrx_word' id='word_1_154' title='bbox 1688 1529 1743 1582; x_wconf 97' lang='lat'><em>6</em></span> <span class='ocrx_word' id='word_1_155' title='bbox 1760 1550 1815 1582; x_wconf 91' lang='grc' dir='ltr'>τι</span> 
     </span>
     <span class='ocr_line' id='line_1_21' title="bbox 232 1606 1812 1678; baseline -0.002 -17"><span class='ocrx_word' id='word_1_156' title='bbox 232 1612 371 1662; x_wconf 81' lang='grc' dir='ltr'>τοῖσι</span> <span class='ocrx_word' id='word_1_157' title='bbox 399 1611 615 1663; x_wconf 81' lang='grc' dir='ltr'>Λιδοῖσι</span> <span class='ocrx_word' id='word_1_158' title='bbox 655 1610 847 1677; x_wconf 87' lang='grc' dir='ltr'>εχρησε</span> <span class='ocrx_word' id='word_1_159' title='bbox 881 1606 1135 1674; x_wconf 78' lang='grc' dir='ltr'>ποιήσασι</span> <span class='ocrx_word' id='word_1_160' title='bbox 1174 1609 1293 1678; x_wconf 83' lang='grc' dir='ltr'>περὶ</span> <span class='ocrx_word' id='word_1_161' title='bbox 1328 1609 1387 1659; x_wconf 86' lang='grc' dir='ltr'>τὸ</span> <span class='ocrx_word' id='word_1_162' title='bbox 1425 1608 1533 1676; x_wconf 84' lang='grc' dir='ltr'>ίρὸν</span> <span class='ocrx_word' id='word_1_163' title='bbox 1568 1607 1632 1659; x_wconf 81' lang='grc' dir='ltr'>τὰ</span> <span class='ocrx_word' id='word_1_164' title='bbox 1667 1629 1812 1674; x_wconf 88' lang='grc' dir='ltr'>νομι-</span> 
     </span>
     <span class='ocr_line' id='line_1_22' title="bbox 230 1683 1814 1757; baseline -0.002 -17"><span class='ocrx_word' id='word_1_165' title='bbox 230 1689 428 1754; x_wconf 75' lang='grc' dir='ltr'>ζόμενα.</span> <span class='ocrx_word' id='word_1_166' title='bbox 473 1688 532 1739; x_wconf 84' lang='grc' dir='ltr'>οὗ</span> <span class='ocrx_word' id='word_1_167' title='bbox 571 1689 670 1757; x_wconf 82' lang='grc' dir='ltr'>γὰρ</span> <span class='ocrx_word' id='word_1_168' title='bbox 699 1686 768 1738; x_wconf 82' lang='grc' dir='ltr'>ὧν</span> <span class='ocrx_word' id='word_1_169' title='bbox 803 1686 920 1738; x_wconf 75' lang='grc' dir='ltr'>οὐδὲ</span> <span class='ocrx_word' id='word_1_170' title='bbox 948 1689 1099 1738; x_wconf 82' lang='grc' dir='ltr'>τοῦτο</span> <span class='ocrx_word' id='word_1_171' title='bbox 1134 1685 1341 1756; x_wconf 84' lang='grc' dir='ltr'>λέγεται</span> <span class='ocrx_word' id='word_1_172' title='bbox 1381 1686 1517 1736; x_wconf 76' lang='grc' dir='ltr'>ἄλλο</span> <span class='ocrx_word' id='word_1_173' title='bbox 1548 1706 1630 1756; x_wconf 79' lang='grc' dir='ltr'>γε,</span> <span class='ocrx_word' id='word_1_174' title='bbox 1660 1683 1691 1752; x_wconf 83' lang='grc' dir='ltr'>ἦ</span> <span class='ocrx_word' id='word_1_175' title='bbox 1730 1685 1814 1738; x_wconf 81' lang='grc' dir='ltr'>ὅτι</span> 
     </span>
     <span class='ocr_line' id='line_1_23' title="bbox 229 1761 1531 1833; baseline -0.001 -16"><span class='ocrx_word' id='word_1_176' title='bbox 229 1767 311 1817; x_wconf 83' lang='grc' dir='ltr'>καὶ</span> <span class='ocrx_word' id='word_1_177' title='bbox 338 1769 490 1816; x_wconf 84' lang='grc' dir='ltr'>τοῦτο</span> <span class='ocrx_word' id='word_1_178' title='bbox 518 1764 722 1831; x_wconf 86' lang='grc' dir='ltr'>ἐνόμισε</span> <span class='ocrx_word' id='word_1_179' title='bbox 747 1762 988 1832; x_wconf 78' lang='grc' dir='ltr'>μαντήϊον</span> <span class='ocrx_word' id='word_1_180' title='bbox 1014 1762 1241 1833; x_wconf 75' lang='grc' dir='ltr'>ἀψευδὲς</span> <span class='ocrx_word' id='word_1_181' title='bbox 1268 1761 1531 1830; x_wconf 87' lang='grc' dir='ltr'>ἐκτῆσθαι.</span> 
     </span>
    </p>

    <p class='ocr_par' dir='ltr' id='par_1_5' title="bbox 126 1841 1812 2221">
     <span class='ocr_line' id='line_1_24' title="bbox 126 1841 1797 1910; baseline 0.001 -16"><span class='ocrx_word' id='word_1_182' title='bbox 126 1843 208 1894; x_wconf 71' lang='lat'>50</span> <span class='ocrx_word' id='word_1_183' title='bbox 336 1843 481 1895; x_wconf 83' lang='grc' dir='ltr'>Μετὰ</span> <span class='ocrx_word' id='word_1_184' title='bbox 533 1841 589 1894; x_wconf 81' lang='grc' dir='ltr'>δὲ</span> <span class='ocrx_word' id='word_1_185' title='bbox 640 1846 794 1894; x_wconf 88' lang='grc' dir='ltr'>ταῦτα</span> <span class='ocrx_word' id='word_1_186' title='bbox 847 1842 1061 1909; x_wconf 81' lang='grc' dir='ltr'>θυσίῃσι</span> <span class='ocrx_word' id='word_1_187' title='bbox 1110 1843 1370 1910; x_wconf 81' lang='grc' dir='ltr'>μεγάλῃσι</span> <span class='ocrx_word' id='word_1_188' title='bbox 1422 1842 1511 1894; x_wconf 83' lang='grc' dir='ltr'>τὸν</span> <span class='ocrx_word' id='word_1_189' title='bbox 1564 1843 1621 1895; x_wconf 89' lang='grc' dir='ltr'>ἐν</span> <span class='ocrx_word' id='word_1_190' title='bbox 1662 1845 1797 1896; x_wconf 83' lang='grc' dir='ltr'>Δελ-</span> 
     </span>
     <span class='ocr_line' id='line_1_25' title="bbox 226 1915 1811 1987; baseline 0.001 -17"><span class='ocrx_word' id='word_1_191' title='bbox 226 1919 382 1986; x_wconf 59' lang='grc' dir='ltr'>φοζσι</span> <span class='ocrx_word' id='word_1_192' title='bbox 423 1916 540 1969; x_wconf 84' lang='grc' dir='ltr'>θεὸν</span> <span class='ocrx_word' id='word_1_193' title='bbox 572 1917 835 1969; x_wconf 81' lang='grc' dir='ltr'>ἱλάσκετο.</span> <span class='ocrx_word' id='word_1_194' title='bbox 879 1915 1061 1984; x_wconf 74' lang='grc' dir='ltr'>κτήνεά</span> <span class='ocrx_word' id='word_1_195' title='bbox 1095 1939 1152 1969; x_wconf 89' lang='grc' dir='ltr'>τε</span> <span class='ocrx_word' id='word_1_196' title='bbox 1188 1918 1289 1987; x_wconf 83' lang='grc' dir='ltr'>γὰρ</span> <span class='ocrx_word' id='word_1_197' title='bbox 1325 1918 1387 1969; x_wconf 82' lang='grc' dir='ltr'>τὰ</span> <span class='ocrx_word' id='word_1_198' title='bbox 1420 1915 1615 1985; x_wconf 79' lang='grc' dir='ltr'>θύσιμα</span> <span class='ocrx_word' id='word_1_199' title='bbox 1642 1919 1811 1972; x_wconf 87' lang='grc' dir='ltr'>πάντα</span> 
     </span>
     <span class='ocr_line' id='line_1_26' title="bbox 227 1993 1808 2066; baseline 0.001 -18"><span class='ocrx_word' id='word_1_200' title='bbox 227 1994 498 2066; x_wconf 86' lang='grc' dir='ltr'>τρισχίλια</span> <span class='ocrx_word' id='word_1_201' title='bbox 523 1995 696 2055; x_wconf 78' lang='grc' dir='ltr'>ἔθυσε,</span> <span class='ocrx_word' id='word_1_202' title='bbox 727 1995 900 2048; x_wconf 85' lang='grc' dir='ltr'>κλίνας</span> <span class='ocrx_word' id='word_1_203' title='bbox 935 2016 993 2047; x_wconf 90' lang='grc' dir='ltr'>τε</span> <span class='ocrx_word' id='word_1_204' title='bbox 1019 1993 1335 2065; x_wconf 77' lang='grc' dir='ltr'>ἐπιχρύσους</span> <span class='ocrx_word' id='word_1_205' title='bbox 1361 1995 1444 2047; x_wconf 89' lang='grc' dir='ltr'>καὶ</span> <span class='ocrx_word' id='word_1_206' title='bbox 1471 1993 1808 2066; x_wconf 82' lang='grc' dir='ltr'>ἐπαργύρους,</span> 
     </span>
     <span class='ocr_line' id='line_1_27' title="bbox 227 2069 1808 2144; baseline 0.001 -18"><span class='ocrx_word' id='word_1_207' title='bbox 227 2075 308 2126; x_wconf 77' lang='grc' dir='ltr'>καὶ</span> <span class='ocrx_word' id='word_1_208' title='bbox 335 2075 531 2144; x_wconf 87' lang='grc' dir='ltr'>φιάλας</span> <span class='ocrx_word' id='word_1_209' title='bbox 555 2073 801 2142; x_wconf 87' lang='grc' dir='ltr'>χρυσέας,</span> <span class='ocrx_word' id='word_1_210' title='bbox 830 2073 912 2124; x_wconf 78' lang='grc' dir='ltr'>καὶ</span> <span class='ocrx_word' id='word_1_211' title='bbox 945 2069 1123 2140; x_wconf 76' lang='grc' dir='ltr'>εἵματα</span> <span class='ocrx_word' id='word_1_212' title='bbox 1148 2071 1436 2143; x_wconf 78' lang='grc' dir='ltr'>πορφύρεα,</span> <span class='ocrx_word' id='word_1_213' title='bbox 1466 2074 1547 2126; x_wconf 85' lang='grc' dir='ltr'>καὶ</span> <span class='ocrx_word' id='word_1_214' title='bbox 1574 2072 1808 2134; x_wconf 82' lang='grc' dir='ltr'>κιθῶνας,</span> 
     </span>
     <span class='ocr_line' id='line_1_28' title="bbox 225 2149 1812 2221; baseline 0 -17"><span class='ocrx_word' id='word_1_215' title='bbox 225 2150 416 2219; x_wconf 84' lang='grc' dir='ltr'>νηῆσας</span> <span class='ocrx_word' id='word_1_216' title='bbox 466 2151 632 2221; x_wconf 82' lang='grc' dir='ltr'>πυρὴν</span> <span class='ocrx_word' id='word_1_217' title='bbox 681 2152 928 2219; x_wconf 83' lang='grc' dir='ltr'>μεγάλην,</span> <span class='ocrx_word' id='word_1_218' title='bbox 974 2149 1220 2202; x_wconf 86' lang='grc' dir='ltr'>κατέκαιε·</span> <span class='ocrx_word' id='word_1_219' title='bbox 1279 2150 1507 2214; x_wconf 75' lang='grc' dir='ltr'>ἐλπίζων</span> <span class='ocrx_word' id='word_1_220' title='bbox 1548 2153 1639 2204; x_wconf 88' lang='grc' dir='ltr'>τὸν</span> <span class='ocrx_word' id='word_1_221' title='bbox 1690 2150 1812 2204; x_wconf 87' lang='grc' dir='ltr'>θεὸν</span> 
     </span>
    </p>

    <p class='ocr_par' dir='ltr' id='par_1_6' title="bbox 185 2226 1811 2610">
     <span class='ocr_line' id='line_1_29' title="bbox 185 2226 1811 2297; baseline 0.001 -17"><span class='ocrx_word' id='word_1_222' title='bbox 185 2242 210 2280; x_wconf 81' lang='lat'>2</span> <span class='ocrx_word' id='word_1_223' title='bbox 224 2231 428 2297; x_wconf 84' lang='grc' dir='ltr'>μᾶλλόν</span> <span class='ocrx_word' id='word_1_224' title='bbox 473 2250 522 2281; x_wconf 90' lang='grc' dir='ltr'>τι</span> <span class='ocrx_word' id='word_1_225' title='bbox 564 2227 797 2282; x_wconf 82' lang='grc' dir='ltr'>τούτοισι</span> <span class='ocrx_word' id='word_1_226' title='bbox 850 2226 1249 2295; x_wconf 79' lang='grc' dir='ltr'>ἀνακτήσεσθαι·</span> <span class='ocrx_word' id='word_1_227' title='bbox 1310 2228 1529 2281; x_wconf 85' lang='grc' dir='ltr'>Λυδοῖσί</span> <span class='ocrx_word' id='word_1_228' title='bbox 1572 2249 1630 2281; x_wconf 92' lang='grc' dir='ltr'>τε</span> <span class='ocrx_word' id='word_1_229' title='bbox 1672 2231 1811 2282; x_wconf 79' lang='grc' dir='ltr'>πᾶσι</span> 
     </span>
     <span class='ocr_line' id='line_1_30' title="bbox 223 2304 1807 2378; baseline 0 -18"><span class='ocrx_word' id='word_1_230' title='bbox 223 2311 452 2376; x_wconf 88' lang='grc' dir='ltr'>προεῖπε,</span> <span class='ocrx_word' id='word_1_231' title='bbox 485 2305 624 2359; x_wconf 88' lang='grc' dir='ltr'>θύειν</span> <span class='ocrx_word' id='word_1_232' title='bbox 654 2308 820 2360; x_wconf 86' lang='grc' dir='ltr'>πάντα</span> <span class='ocrx_word' id='word_1_233' title='bbox 859 2307 970 2359; x_wconf 77' lang='grc' dir='ltr'>τινὰ</span> <span class='ocrx_word' id='word_1_234' title='bbox 1006 2307 1173 2358; x_wconf 79' lang='grc' dir='ltr'>αὐτῶν</span> <span class='ocrx_word' id='word_1_235' title='bbox 1210 2304 1375 2378; x_wconf 77' lang='grc' dir='ltr'>τούτῳ</span> <span class='ocrx_word' id='word_1_236' title='bbox 1407 2305 1437 2358; x_wconf 84' lang='lat'><em>6</em></span> <span class='ocrx_word' id='word_1_237' title='bbox 1460 2327 1509 2358; x_wconf 90' lang='grc' dir='ltr'>τι</span> <span class='ocrx_word' id='word_1_238' title='bbox 1546 2307 1659 2374; x_wconf 79' lang='grc' dir='ltr'>ἔχοι</span> <span class='ocrx_word' id='word_1_239' title='bbox 1687 2305 1807 2360; x_wconf 80' lang='grc' dir='ltr'>ἕκα-</span> 
     </span>
     <span class='ocr_line' id='line_1_31' title="bbox 225 2383 1803 2453; baseline 0.002 -19"><span class='ocrx_word' id='word_1_240' title='bbox 225 2404 369 2438; x_wconf 86' lang='grc' dir='ltr'>στος.</span> <span class='ocrx_word' id='word_1_241' title='bbox 416 2386 484 2438; x_wconf 82' lang='grc' dir='ltr'>ὧς</span> <span class='ocrx_word' id='word_1_242' title='bbox 512 2385 568 2438; x_wconf 78' lang='grc' dir='ltr'>δὲ</span> <span class='ocrx_word' id='word_1_243' title='bbox 597 2385 651 2436; x_wconf 88' lang='grc' dir='ltr'>ἐκ</span> <span class='ocrx_word' id='word_1_244' title='bbox 678 2386 768 2450; x_wconf 84' lang='grc' dir='ltr'>τῆς</span> <span class='ocrx_word' id='word_1_245' title='bbox 803 2383 985 2444; x_wconf 90' lang='grc' dir='ltr'>θυσίης</span> <span class='ocrx_word' id='word_1_246' title='bbox 1021 2384 1240 2453; x_wconf 83' lang='grc' dir='ltr'>ἐγένετο,</span> <span class='ocrx_word' id='word_1_247' title='bbox 1272 2385 1643 2452; x_wconf 87' lang='grc' dir='ltr'>καταχεάμενος</span> <span class='ocrx_word' id='word_1_248' title='bbox 1670 2405 1803 2453; x_wconf 88' lang='grc' dir='ltr'>χρυ-</span> 
     </span>
     <span class='ocr_line' id='line_1_32' title="bbox 225 2460 1807 2530; baseline 0.003 -19"><span class='ocrx_word' id='word_1_249' title='bbox 225 2462 320 2511; x_wconf 84' lang='grc' dir='ltr'>σὸν</span> <span class='ocrx_word' id='word_1_250' title='bbox 346 2460 586 2524; x_wconf 80' lang='grc' dir='ltr'>ἄπλετον,</span> <span class='ocrx_word' id='word_1_251' title='bbox 616 2460 915 2528; x_wconf 87' lang='grc' dir='ltr'>ἡμιπλίνθια</span> <span class='ocrx_word' id='word_1_252' title='bbox 941 2461 1000 2526; x_wconf 81' lang='grc' dir='ltr'>ἐξ</span> <span class='ocrx_word' id='word_1_253' title='bbox 1020 2461 1175 2514; x_wconf 77' lang='grc' dir='ltr'>αὐτοῦ</span> <span class='ocrx_word' id='word_1_254' title='bbox 1202 2460 1465 2528; x_wconf 79' lang='grc' dir='ltr'>ἐξήλαυνε·</span> <span class='ocrx_word' id='word_1_255' title='bbox 1510 2462 1595 2514; x_wconf 86' lang='grc' dir='ltr'>ἐπὶ</span> <span class='ocrx_word' id='word_1_256' title='bbox 1620 2463 1714 2530; x_wconf 80' lang='grc' dir='ltr'>μὲν</span> <span class='ocrx_word' id='word_1_257' title='bbox 1738 2465 1807 2516; x_wconf 79' lang='grc' dir='ltr'>τὰ</span> 
     </span>
     <span class='ocr_line' id='line_1_33' title="bbox 222 2530 1802 2610; baseline 0.004 -23"><span class='ocrx_word' id='word_1_258' title='bbox 222 2539 522 2606; x_wconf 84' lang='grc' dir='ltr'>μακρότερα,</span> <span class='ocrx_word' id='word_1_259' title='bbox 551 2538 739 2590; x_wconf 88' lang='grc' dir='ltr'>ποιέων</span> <span class='ocrx_word' id='word_1_260' title='bbox 773 2538 1147 2604; x_wconf 79' lang='grc' dir='ltr'>ἑξαπάλαιστα·</span> <span class='ocrx_word' id='word_1_261' title='bbox 1193 2539 1277 2592; x_wconf 77' lang='grc' dir='ltr'>ἐπὶ</span> <span class='ocrx_word' id='word_1_262' title='bbox 1314 2539 1369 2591; x_wconf 78' lang='grc' dir='ltr'>δὲ</span> <span class='ocrx_word' id='word_1_263' title='bbox 1396 2539 1460 2591; x_wconf 83' lang='grc' dir='ltr'>τὰ</span> <span class='ocrx_word' id='word_1_264' title='bbox 1483 2530 1802 2610; x_wconf 77' lang='grc' dir='ltr'>βραχύτερα,</span> 
     </span>
    </p>
   </div>
  </div>
 </body>
</html>
