1975 2892
495 128 1034 174 nmmum-11.
1070 139 1306 190 103·107.
1589 125 1703 184 173

122 195 241 234 ΑΛΒ.
262 204 295 232 ο.
316 192 459 242 1250?]

120 255 255 306 κατὰ
280 253 345 305 τὰ
370 251 552 314 αἰδοῖα,
574 253 713 306 ἀλλὰ
739 258 840 306 τῶν
866 254 1223 325 ἐπιγινομένων
1249 257 1309 308 οὗ
1334 259 1702 328 περιτάμνουσι

118 332 191 384 τὰ
238 330 421 385 αἰδοῖα.
660 331 789 400 Φέρε
834 353 923 386 νυν
968 333 1050 384 καὶ
1095 333 1231 387 ἄλλο
1277 333 1400 388 εἴπω
1445 339 1563 408 περὶ
1601 343 1703 390 τῶν
1727 340 1837 394 105

119 411 369 478 Κόλχων,
392 410 458 463 ὥς
483 409 812 480 Αἰγυπτίοισι
837 411 1165 481 προσφερέες
1189 411 1313 464 εἶσί.
1355 414 1500 468 λίνον
1523 419 1700 483 μοῦνοι
1721 429 1746 468 2

118 487 272 540 οὗτοί
296 509 353 540 τε
378 488 459 542 καὶ
485 485 752 558 Αἰγύπτιοι
787 488 1084 559 ἐργάζονται
1117 491 1244 542 κατὰ
1277 491 1342 542 τὰ
1374 492 1518 544 αὐτά·
1563 495 1645 546 καὶ
1669 493 1700 560 ἦ

120 567 215 631 ζόη
243 568 389 619 πᾶσα
413 566 495 619 καὶ
520 565 551 633 ἡ
576 569 803 636 γλῶσσα
828 564 1056 635 ἐμφερής
1081 566 1198 619 ἐστι
1217 567 1517 635 ἀλλήλοισι.
1558 571 1703 625 λίνον
1719 583 1746 624 8

121 645 183 697 δε
211 646 273 697 τὸ
297 666 391 712 μεν
417 647 691 713 Κολχικὸν,
714 644 815 698 ὑπὸ
839 643 1104 712 Ελλήνων
1124 646 1424 717 Σαρδονικὸν
1449 648 1702 715 κέκληται·

119 725 187 775 τὸ
226 722 401 790 μέντοι
438 721 524 776 ἀπ’
559 721 822 794 Αἰγύπτου
860 721 1235 792 ἀπικνεύμενον,
1273 726 1506 778 καλέεται
1545 725 1700 798 Αἰγύ-

119 822 295 855 πτιον.
536 802 637 855 Τὰς
673 801 728 854 δὲ
766 797 962 868 στήλας
998 799 1142 856 τὰς’
1119 824 1240 855 ιστα
1266 804 1392 856 κατὰ
1417 805 1508 860 τὰς
1531 807 1704 875 χώρας
1729 807 1841 860 106

122 883 153 933 ὁ
182 877 447 950 Αἰγύπτου
471 878 724 944 βασιλεὺς
750 877 1062 949 Σέσωστρις,
1091 903 1144 933 αι
1177 881 1270 948 μὲν
1294 884 1512 937 πλεῦνες
1536 883 1703 936 οὐκέτι

121 957 399 1027 φαίνονται
424 961 757 1029 περιεοῦσαι·
778 957 831 1011 ἐν
858 957 913 1010 δὲ
940 962 1001 1026 τῇ
1030 959 1352 1026 Παλαιστίνῃ
1373 961 1526 1031 Συρίῃ
1553 962 1704 1016 αὐτὸς

121 1037 278 1106 ὅρεον
303 1033 506 1096 ἐούσας,
536 1057 617 1088 και
642 1035 706 1088 τὰ
731 1036 1002 1105 γράμματα
1027 1038 1091 1090 τὰ
1119 1036 1350 1107 ειρημένα
1376 1039 1592 1101 ἐνεόντα,
1623 1042 1704 1093 καὶ

120 1116 363 1185 γυναικὸς
397 1113 579 1167 αἰδοῖα.
637 1113 743 1167 εἰσὶ
778 1114 833 1167 δὲ
870 1114 951 1166 καὶ
985 1116 1104 1185 περὶ
1129 1114 1321 1182 Ἰωνίην
1347 1114 1436 1170 δύο
1473 1117 1624 1171 τύποι
1651 1118 1705 1170 ἐν
1725 1129 1749 1169 2

122 1191 349 1262 πέτρῃσι
375 1191 797 1260 ἐγκεκολαμμένοι
824 1188 1008 1246 τούτου
1034 1196 1126 1246 τοῦ
1145 1193 1344 1264 ἀνδρὸς,
1363 1199 1426 1262 τῇ
1450 1217 1505 1248 τε
1533 1196 1589 1248 ἐκ
1615 1198 1704 1263 τῆς

123 1266 380 1339 Ἐφεσίης
421 1271 473 1326 ἐς
514 1273 743 1324 Φώκαιαν
783 1271 1038 1342 ἔρχονται,
1076 1273 1158 1325 καὶ
1197 1275 1260 1340 τῇ
1304 1273 1359 1325 ἐκ
1394 1275 1620 1344 Σαρδίων
1653 1275 1706 1330 ἐς

126 1346 377 1418 Σμύρνην.
421 1347 691 1419 ἑκατέρωθι
716 1349 772 1401 δὲ
799 1349 923 1418 ἀνὴρ
951 1349 1312 1420 ἐγγέγλυπται,
1329 1351 1551 1421 μέγαθος
1575 1351 1700 1418 πέμ·-
1724 1363 1749 1404 8

124 1447 258 1492 πτης
287 1426 561 1494 σπιθαμῆς,
590 1430 651 1494 τῇ
690 1427 785 1493 μὲν
819 1427 961 1494 δεξιῇ
997 1429 1114 1497 χερὶ
1150 1429 1284 1498 ἔχων
1318 1428 1522 1496 αἰχμὴν,
1552 1429 1614 1495 τῇ
1650 1430 1705 1481 δὲ

126 1504 378 1574 ἀριστερῇ
403 1505 545 1571 τόξα,
566 1506 647 1557 καὶ
672 1505 763 1572 τὴν
788 1504 953 1572 ἄλλην
980 1504 1168 1572 σκευὴν
1195 1503 1454 1561 ὡσαύτως·
1500 1507 1583 1558 καὶ
1605 1507 1705 1576 γὰρ

125 1581 413 1653 Αἰγυπτίην
438 1584 518 1636 καὶ
546 1582 820 1636 Αἰθιοπίδα
844 1583 971 1650 ἔχει·
1025 1582 1079 1635 ἐκ
1120 1584 1176 1636 δὲ
1215 1587 1308 1636 τοῦ
1347 1582 1487 1651 ὤμου
1528 1583 1580 1638 ἐς
1619 1586 1707 1636 τὸν

126 1660 305 1731 ἕτερον
339 1659 475 1728 ὦμον
511 1661 594 1715 διὰ
632 1666 733 1714 τῶν
769 1660 1000 1727 στηθέων
1035 1662 1307 1732 γράμματα
1347 1662 1430 1733 ἱρὰ
1457 1659 1707 1731 Αἰγύπτια

126 1737 291 1805 διήκει
344 1739 766 1809 ἐγκεκολαμμένα,
812 1738 1036 1810 λέγοντα
1086 1741 1224 1793 τάδε·
1288 1747 1417 1793 ΕΓΩ
1473 1747 1704 1792 ΤΗΝΔΕ
1724 1749 1751 1790 4

126 1825 274 1870 ΤΗΝ
322 1825 553 1870 ΧΩΡΗΝ
603 1824 839 1870 ΩΜΟῙΣῙ
890 1825 1066 1872 ΤΟῙΣῙ.
1119 1826 1356 1872 ΕΜΟῙΣῙ
1407 1826 1702 1872 ΕΚΤΗΣΑ-

128 1902 311 1948 ΜΗΝ.
361 1895 507 1950 ὅστις
534 1897 589 1949 δὲ
617 1896 697 1947 καὶ
724 1895 901 1948 ὁκόθεν
925 1895 1061 1957 ἐστὶ,
1089 1895 1305 1950 ἐνθαῦτα
1328 1897 1422 1966 μὲν
1448 1897 1510 1950 οὗ
1535 1898 1703 1964 δηλοῖ,

130 1973 340 2043 ἑτέρωθι
368 1975 423 2027 δέ
450 1973 722 2042 δεδήλωκε.
766 1973 828 2026 τὰ
854 1973 915 2041 δὴ
944 1977 1025 2028 καὶ
1049 1975 1364 2046 μετεξέτεροι
1390 1981 1491 2029 τῶν
1517 1976 1702 2043 θεησα-
1724 1985 1749 2026 5

128 2052 297 2119 μένων
336 2053 599 2119 Μέμνονος
638 2050 803 2104 εἰκόνα
840 2050 1102 2118 εἰκάζουσί
1137 2074 1225 2123 μιν
1263 2049 1404 2121 εἶναι,
1438 2054 1577 2109 πολὺ
1615 2057 1706 2122 τῆς

130 2123 375 2196 ἀληθηίης
401 2129 843 2198 ἀπολελειμμένοι.

208 2211 405 2262 Τοῦτον
442 2208 503 2276 δὴ
542 2208 634 2261 τὸν
673 2206 951 2278 Αἰγύπτιον
990 2206 1292 2278 Σέσωστριν
1333 2206 1699 2277 ἀναχωρέοντα,
1733 2199 1844 2261 107

130 2287 215 2342 καὶ
257 2286 507 2359 ἀνάγοντα
547 2287 738 2342 πολέας
778 2286 1075 2358 ἀνθρώπους
1114 2293 1214 2340 τῶν
1256 2287 1438 2339 ἐθνέων
1478 2291 1580 2339 τῶν
1613 2287 1703 2341 τὰς

132 2369 306 2435 χώρας
342 2367 747 2433 κατεστρέψατο,
786 2367 971 2436 ἔλεγον
1008 2367 1056 2418 οἱ
1093 2366 1237 2433 ἱρέες,
1269 2365 1377 2419 ἐπεί
1411 2386 1467 2417 τε
1504 2363 1703 2434 ἐγένετο

132 2443 551 2510 ἀνακομιζόμενος
572 2441 625 2492 ἐν
652 2441 894 2508 Δάφνῃσι
920 2445 1041 2506 τῇσι
1071 2440 1417 2505 Πηλουσίῃσι,
1440 2441 1530 2490 τὸν
1555 2440 1708 2492 ἀδελ-

132 2523 265 2590 φεὸν
305 2520 495 2572 ἑωυτοῦ
533 2521 605 2591 τῷ
659 2517 913 2588 ἐπέτρεψε
964 2518 1259 2587 Σέσωστρις
1297 2516 1389 2582 τὴν
1433 2513 1708 2586 Αἴγυπτον,

133 2602 317 2652 τοῦτον
342 2599 426 2651 ἐπὶ
451 2597 611 2664 ξείνια
637 2597 788 2649 αὐτὸν
819 2595 1126 2656 καλέσαντα,
1153 2594 1236 2646 καὶ
1269 2595 1398 2665 πρὸς
1423 2593 1558 2668 αὐτῷ
1591 2594 1712 2649 τοὺς
