1975 2892
601 143 770 192 VITA
807 143 1116 192 HOMERI.
1622 141 1653 188 8

92 261 424 334 Μελησιγένης
459 262 543 318 ἐπὶ
577 265 640 332 τῇ
673 263 976 332 διδασκαλίᾳ
1010 260 1345 330 καθειστήκει,
1381 255 1493 316 καθ’
1528 262 1656 314 ἑωυ-

87 343 156 396 τὸν
191 344 250 397 δὲ
288 346 559 415 γενόμενος
595 346 796 413 μᾶλλον
834 343 934 398 ὑπὸ
973 349 1075 397 τῶν
1114 342 1392 414 ἀνθρώπων
1439 343 1649 412 ἑωρᾶτο.

87 425 162 477 Καὶ
187 425 348 478 αὐτοῦ
374 424 672 494 θωυμασταὶ
699 422 1117 492 καθειστήκεισαν
1144 419 1196 476 οἶ
1218 421 1261 476 τ’
1298 423 1537 493 ἐγχώριοι
1572 426 1653 478 καὶ

84 507 164 556 τῶν
187 503 349 570 ξένων
375 505 425 556 οἱ
442 505 874 572 ἐσαπικνεόμενοι.
921 502 1201 574 Ἐμπόριον
1225 503 1325 573 γὰρ
1352 501 1457 570 ἦνῆ
1486 501 1650 574 Σμύρ-

82 603 126 650 νη
156 585 240 638 καὶ
275 585 422 638 σῖτος
459 583 670 654 ἐξήγετο
707 582 870 639 πολὺς
895 583 1109 638 αὐτόθεν
1139 583 1195 636 ἐκ
1224 585 1313 650 τῆς
1346 583 1655 650 ἐπικειμένης

79 665 238 734 χώρας
280 663 548 734 δαψιλέως
592 664 748 734 κάρτα
787 664 1101 736 ε’σαγόμενος
1136 662 1188 718 ἐς
1228 662 1401 732 αὐτήν.
1460 665 1523 716 Οἱ
1565 662 1654 720 οὖν

77 743 215 807 ξένοι,
247 745 392 796 ὁκότε
417 740 700 798 παύσοιντο
723 748 826 797 τῶν
844 745 1023 815 ἔργων,
1048 744 1409 812 ἀπεσχόλαξον
1424 744 1562 816 παρὰ
1580 751 1652 818 τῷ

77 823 409 892 Μελησιγένει
451 822 813 894 ἐγκαθίζοντες.
858 819 967 877 Ἠν
1010 823 1055 879 δ’
1104 825 1157 876 ἐν
1198 825 1370 880 αὐτοῖς
1410 827 1529 878 τότε
1571 827 1649 879 καὶ
1666 833 1697 879 6

77 903 265 970 Μέντης
291 903 570 972 ναύκληρος
595 903 695 958 ἀπὸ
722 910 823 957 τῶν
848 905 965 975 περὶ
993 904 1221 958 Λευκάδα
1239 907 1411 959 τόπων
1437 925 1650 959 καταπε-

71 985 296 1038 πλευκὼς
334 984 417 1038 ἐπὶ
459 985 622 1049 σῖτον,
661 986 796 1053 ἔχων
834 987 971 1046 ναῦν,
1013 985 1407 1052 πεπαιδευμένος
1445 983 1489 1036 τ’
1527 985 1652 1056 ἀνὴρ

73 1063 134 1117 ὡς·
160 1065 214 1117 ἐν
240 1064 409 1137 ἐκείνῳ
435 1065 508 1136 τῷ
537 1067 705 1138 χρόνῳ
726 1066 807 1117 καὶ
831 1059 1153 1134 πολυίστωρ,
1181 1065 1237 1119 ὅς
1263 1086 1351 1133 μιν
1369 1066 1544 1118 ἔπεισε
1563 1067 1653 1119 τὸν

71 1144 391 1213 Μελησιγένη
419 1143 529 1209 μεθ’
561 1145 751 1197 ἑωυτοῦ
776 1147 927 1198 πλεῖν
960 1144 1316 1198 καταλύσαντα
1350 1145 1441 1213 τὴν
1468 1145 1647 1200 διδασ-

71 1225 262 1288 καλίαν,
303 1222 496 1292 μισθόν
537 1245 594 1278 τε
639 1226 968 1293 λαμβάνοντα
1015 1226 1097 1278 καὶ
1142 1226 1207 1278 τὰ
1248 1224 1425 1278 δέοντα
1466 1227 1647 1288 πάντα,

71 1305 149 1356 καὶ
175 1304 252 1358 ὅτι
277 1307 449 1375 χώρας
477 1305 559 1356 καὶ
583 1305 768 1360 πόλιας
795 1304 1082 1374 θεήσασθαι
1109 1304 1253 1372 ἄξιον
1284 1301 1360 1371 εἴη
1392 1305 1525 1377 αὐτῷ
1557 1305 1651 1361 ἕως

66 1383 177 1438 νέος
217 1385 377 1438 ἐστίν.
428 1382 532 1436 Καί
567 1405 656 1454 μιν
697 1381 864 1452 οἴομαι
905 1386 1135 1453 μάλιστα
1176 1382 1407 1438 τούτοισι
1452 1405 1649 1454 προαχ-

66 1462 227 1529 θῆναι·
279 1461 410 1518 ’ίσως
435 1464 536 1533 γὰρ
563 1463 646 1517 καὶ
670 1463 733 1532 τῇ
756 1462 963 1532 ποιῆσει
988 1467 1083 1533 ἤδη
1110 1463 1215 1519 τότ’
1250 1465 1442 1518 ἐπενόει
1476 1463 1649 1532 ε’πιθὴ-

65 1543 274 1596 σεσθαι.
331 1541 642 1598 Καταλύσας
687 1543 743 1597 δὲ
796 1545 886 1612 τὴν
938 1544 1275 1599 διδασκαλίαν
1328 1542 1649 1598 ἐναυτίλλετο

62 1623 192 1688 μετὰ
219 1626 310 1676 τοῦ
339 1621 566 1682 Μέντεω,
593 1622 673 1675 καὶ
699 1622 829 1678 ὅπου
857 1625 1100 1678 ἑκάστοτε
1127 1624 1383 1693 ἀφίκοιτο,
1404 1626 1567 1678 πάντα
1586 1626 1650 1678 τὰ

62 1701 317 1772 ἐπιχώρια
357 1701 598 1772 διεωρᾶτο
635 1705 716 1757 καὶ
756 1705 1003 1776 ἱστορέων
1043 1703 1364 1758 ἐπυνθάνετο·
1422 1703 1553 1759 εἰκὸς
1593 1706 1651 1759 δέ

57 1803 154 1849 μιν
175 1779 234 1848 ἢν
261 1782 345 1835 καὶ
379 1783 676 1850 μνημόσυνα
711 1785 911 1839 πάντων
944 1783 1266 1857 γράφεσθαι.
1322 1783 1644 1853 Ἀνακομιζό-
1662 1786 1691 1839 7

57 1883 204 1926 μενοι
239 1861 284 1915 δ’
320 1861 376 1914 ἐκ
411 1861 695 1931 Τυρσηνίης
730 1865 811 1917 καὶ
845 1866 933 1932 τῆς
967 1864 1191 1934 Ἰβηρίης
1225 1865 1540 1918 ἀπικνέονται
1577 1864 1650 1920 εἷς

51 1940 275 2008 Ἰθάκην,
325 1939 408 1994 κ’·αὶ
452 1947 525 2014 τῷ
573 1943 914 2015 Μελησιγένει
961 1947 1152 2011 συνέβη
1200 1944 1479 2014 νοσήσαντι
1530 1944 1651 2000 τοῦς

53 2019 372 2089 ὀφθαλμοὺς
425 2023 585 2091 κάρτα
637 2022 807 2078 δεινῶς
852 2025 1007 2092 ἔχειν,
1057 2023 1138 2077 καὶ
1184 2024 1337 2078 αὐτὸν
1384 2025 1650 2094 θεραπείης

53 2097 226 2152 εἵνεκα
268 2101 421 2153 πλεῖν
471 2099 682 2169 μέλλων
733 2103 806 2158 εἷς
855 2103 946 2170 τὴν
1000 2104 1228 2157 Λευκάδα
1273 2105 1567 2158 καταλιπεῖν
1618 2107 1647 2156 ὁ

49 2179 261 2246 Μέντης
287 2179 406 2249 παρ’
435 2180 581 2250 ἀνδρὶ
608 2181 752 2254 φίλῳ
780 2184 968 2236 ἑωυτοῦ
996 2184 1048 2238 ἐς
1073 2183 1137 2236 τὰ
1162 2184 1393 2251 μάλιστα
1427 2182 1651 2251 Μέντορι

44 2264 130 2332 τῷ
158 2257 408 2326 Ἀλκίμου
435 2257 729 2334 Ἰθακησίῳ,
757 2263 934 2316 πολλὰ
967 2261 1161 2330 δεηθεὶς
1196 2264 1459 2333 ε’πιμελίην
1490 2264 1647 2330 ἔχειν,

43 2340 438 2396 ἐπαναπλῶσας
484 2339 528 2392 δ’
577 2339 940 2413 ἆναλῆψεσθαι
990 2344 1159 2396 αὐτόν.
1213 2341 1273 2395 ‘0
1322 2344 1378 2397 δὲ
1434 2343 1649 2412 Μέντωρ

43 2417 410 2486 ε’νοσῆλευσεν
445 2420 603 2474 αὐτὸν
632 2421 883 2477 ε’κτενέως’
930 2422 1011 2473 καὶ
1034 2424 1135 2492 γὰρ
1168 2425 1259 2474 τοῦ
1290 2423 1411 2485 βίου
1445 2421 1649 2489 ἅρκεόν-

43 2521 153 2553 τως
180 2493 295 2568 εἶχε
323 2498 406 2550 καὶ
432 2502 614 2567 ἤκουεν
639 2499 696 2554 εὖ
722 2502 776 2555 ἐς
803 2498 1127 2566 δικαιοσύνην
1158 2521 1215 2552 τε
1243 2501 1324 2551 καὶ
1350 2497 1651 2568 φιλοξενίην

43 2579 230 2651 ιιακρῷ
256 2577 492 2645 μάλιστα
517 2585 619 2633 τῶν
646 2579 700 2632 ἐν
723 2579 892 2644 Ἰθάκῃ
915 2580 1128 2646 ἀνδρῶν.
1181 2575 1431 2628 Ἐνταῦθα
1458 2573 1651 2659 συνέβη

43 2664 123 2731 ,νῷ
152 2657 508 2728 Μελησιγένει
534 2659 653 2730 περὶ
678 2655 980 2712 Ὀδυσσέως
1015 2655 1348 2723 ἐξιστορῆσαι
1384 2651 1465 2702 καὶ
1497 2646 1651 2700 πυθι-
