1975 2892
536 117 837 164 ΕΥΤΕΡΠ
852 120 1072 165 H.—11.
1109 122 1276 181 ¹5·18·
1588 112 1699 165 129

92 228 290 290 εσθαι,
321 229 403 282 καὶ
436 229 741 300 ἀμφοτέρων
766 236 865 284 τῶν
892 232 1208 299 ἐπωνυμιέων
1233 230 1465 302 ἔχεσθαι·
1509 232 1572 285 τὰ
1605 234 1699 299 μὲν

90 308 215 377 γὰρ
244 307 401 374 αὐτῆς
435 302 558 360 εἶναι
593 310 681 375 τῆς
706 306 915 375 Λιβύης·
965 310 1030 361 τὰ
1057 310 1130 370 δὲ,
1159 312 1248 377 τῆς
1289 307 1485 378 Ἀσίης.
1529 313 1559 363 ὁ
1596 312 1742 382 γὰρι

96 384 177 451 δὴ
222 387 412 439 Νεῖλος
452 386 732 455 ἀρξάμενος
765 386 821 438 ἐκ
856 391 958 439 τῶν
993 386 1352 448 Καταδούπων,
1384 388 1506 459 ῥέει,
1535 389 1700 457 μέσην

98 460 381 532 Αἴγυπτον
408 464 619 532 σχίζων,
650 465 701 519 ε’ς
737 463 1032 517 θάλασσαν.
1075 464 1227 534 μέχρι
1262 465 1355 532 μέν
1389 487 1477 518 νυν
1503 475 1695 536 Κερκα-

104 542 296 610 σώρου
320 543 504 596 πόλιος
527 540 633 612 ῥέει
658 538 731 598 εἷς
765 543 861 596 ε’ὢν
885 545 914 596 ὁ
944 544 1149 597 Νεῖλος·
1194 544 1254 595 τὸ
1289 542 1345 595 δὲ
1381 543 1480 597 ἀπὸ
1516 543 1700 607 ταύτης

104 620 205 685 τῆς
236 621 441 680 πόλιος,
472 620 705 688 σχίζεται
739 620 1022 690 τριφασίας
1053 617 1223 675 ὁδούς·
1268 620 1348 673 καὶ
1383 619 1414 688 ἡ
1448 622 1542 689 μὲν
1571 623 1700 689 πρὸς

106 692 189 763 ἧῶ
216 696 473 767 τρέπεται,
502 699 561 750 τὸ
588 697 821 751 καλέεται
855 695 1156 764 Πηλούσιον
1182 700 1368 763 στόμα·
1413 697 1442 765 ἡ
1471 700 1526 751 δὲ
1555 699 1697 769 έτέρη

108 779 219 827 τῶν
245 775 379 828 ὁδῶν
404 776 533 844 πρὸς
560 770 786 846 ἑσπέρην
810 777 935 844 ἔχει·
980 779 1132 829 τοῦτο
1167 777 1222 830 δὲ
1250 778 1546 841 Κανωβικὸν
1573 780 1695 829 στό-
1739 814 1748 825 .

110 874 187 919 μα
212 851 469 919 κέκληται.
510 851 541 919 ἡ
570 853 627 905 δὲ
654 853 715 921 δὴ
744 853 855 906 ἰθέα
878 858 979 906 τῶν
1005 854 1136 908 ὁδῶν
1153 856 1226 928 τῷ
1252 855 1424 927 Νειᾌῳ
1452 855 1566 908 ἐστὶ
1584 855 1692 923 ἥδε·
1713 866 1737 905 6

112 929 311 983 ἄνωθεν
337 931 636 999 φερόμενος,
666 931 720 986 ἐς
743 933 803 985 τὸ
830 931 924 997 ὀξὺ
950 935 1042 984 τοῦ
1079 933 1256 985 Δέλτα
1291 932 1591 987 ἀπικνέεται·
1636 934 1696 986 τὸ

112 1007 171 1061 δὲ
216 1008 321 1061 ἀπὸ
359 1006 560 1069 τούτου,
590 1008 786 1077 σχίζων
824 1008 989 1077 μέσον
1021 1011 1080 1063 τὸ
1120 1008 1307 1072 Δέλτα,
1337 1010 1389 1065 ές
1423 1010 1698 1065 θάλασσαν

113 1085 263 1151 ἐξίει,
309 1086 427 1139 οὕτε
462 1086 746 1155 ἐλαχίστην
782 1086 964 1157 μοίρην
1002 1090 1094 1140 τοῦ
1132 1086 1314 1143 ὕδατος
1351 1091 1698 1157 παρεχόμενος

113 1161 295 1230 ταύτῃ,
330 1166 445 1216 οὔτε
479 1163 665 1232 ἥκιστα
698 1163 1036 1233 οὗνομαστῆν·
1085 1168 1145 1219 τὸ
1186 1165 1418 1219 καλέεται
1451 1169 1693 1231 Σεβεννυ-
1709 1177 1736 1217 ο

115 1242 261 1294 τικὸν
295 1243 480 1309 στόμα.
525 1243 641 1295 ἔστι
666 1242 723 1297 δὲ
756 1244 838 1296 καὶ
874 1242 1022 1314 ἕτερα
1055 1244 1277 1314 διφάσια
1311 1246 1558 1312 στόματα,
1595 1245 1696 1298 ἀπὸ

116 1321 212 1371 τοῦ
240 1321 599 1383 Σεβεννυτικοῦ
624 1320 1032 1389 ἀποσχισθέντα,
1061 1324 1286 1392 φέροντα
1322 1322 1374 1377 ἐς
1401 1321 1693 1375 θάλασσαν·

116 1399 263 1451 τοῖσι
288 1397 539 1466 οὐνόματα
573 1398 735 1452 κέεται
769 1400 907 1459 τάδε,
936 1399 1009 1471 τῷ
1033 1401 1126 1467 μὲν
1157 1402 1384 1452 Σαῖτικὸν
1418 1398 1598 1459 αὐτῶν,
1627 1400 1699 1471 τῷ

118 1476 196 1537 δὲ,
226 1474 537 1543 Μενδήσιον.
581 1477 723 1531 'ra-&⁸
760 1476 1064 1541 Βολβίτινον
1093 1479 1260 1545 στόμα
1295 1478 1376 1529 καὶ
1409 1477 1470 1528 τὸ
1507 1484 1694 1528 Βουκο-
1715 1486 1738 1528 ’1

115 1554 267 1607 λικὸν
285 1554 375 1606 οὐκ
396 1554 627 1625 ἰθαγενέα
645 1556 878 1623 στόματά
898 1554 1031 1613 ε’στι,
1049 1553 1166 1607 ἀλλ’
1189 1554 1393 1623 ὀρυκτά.
1550 1562 1695 1624 Μαρ-
1721 1554 1792 1607 18

117 1630 287 1702 τυρέει
308 1632 366 1685 δέ
388 1653 475 1700 μοι
500 1637 563 1699 τῇ
586 1634 779 1702 γνώμῃ,
809 1631 889 1685 ὅτι
908 1628 1133 1699 τοσαύτη
1155 1631 1268 1685 ε’στὶ
1289 1628 1544 1701 Αἴγυπτος
1570 1630 1699 1697 ὅσην

116 1710 235 1761 τινὰ
274 1709 375 1779 ἐγὼ
408 1709 735 1779 ἀποδείκνυμι
770 1713 842 1782 τῷ
870 1712 1036 1781 λόγῳ,
1065 1710 1148 1763 καὶ
1181 1710 1241 1761 τὸ
1271 1706 1544 1777 Ἀμμωνος
1566 1730 1696 1779 χρη·

121 1785 337 1857 στὴριον
360 1790 647 1857 γενόμενον·
691 1790 751 1841 τὸ
778 1787 879 1859 ἐγὼ
906 1790 996 1855 τῆς
1032 1788 1284 1856 ἐμεωυτοῦ
1317 1788 1518 1857 γνώμης
1543 1784 1694 1839 ὕστε-

118 1885 215 1934 ρον
239 1866 359 1935 περὶ
393 1862 651 1937 Αἴγυπτον
678 1865 951 1933 ἐπυθόμην.
995 1867 1046 1919 οἱ
1084 1867 1186 1938 γὰρ
1221 1865 1282 1933 δὴ
1320 1866 1376 1919 ἐκ
1413 1865 1616 1936 Μαρέης
1642 1887 1696 1919 τε
1717 1878 1741 1918 2

102 1945 305 1998 πόλιος
349 1945 431 1997 καὶ
470 1942 676 2005 Ἀπιος,
720 1944 968 1998 οἰκέοντες
1008 1942 1270 2016 Αἰγύπτου
1314 1944 1380 1997 τὰ
1429 1948 1698 2014 πρόσουρα

120 2019 307 2087 Λιβύῃ,
341 2021 487 2074 αὐτοί
524 2043 581 2075 τε
620 2021 879 2077 δοκέοντες
917 2017 1043 2075 εἶναι
1077 2023 1281 2087 Λίβυες,
1312 2023 1394 2077 καὶ
1419 2023 1510 2075 οὔκ
1537 2020 1696 2094 Αἰγύ-

118 2118 278 2159 πτιοι,
299 2099 674 2169 καὶ·ἀχθόμενοι
700 2099 763 2167 τῇ
787 2100 905 2169 περὶ
930 2100 994 2151 τὰ
1023 2100 1105 2169 ἱρὰ
1133 2098 1367 2170 θρησκίῃ,
1388 2102 1698 2167 βουλόμενοι

120 2176 319 2243 θηλέων
342 2180 483 2241 βοῶν
507 2177 575 2245 μὴ
604 2177 863 2248 ἔργεσθαι,
894 2178 1133 2245 ἔπεμψαν
1159 2178 1211 2232 ἐς
1231 2175 1498 2245 ”Αμμωνα,
1527 2178 1694 2246 φάμε-

118 2275 197 2307 νοι
227 2258 263 2280 “
283 2254 431 2309 οῦδὲν
458 2256 623 2324 σφίσι
662 2277 718 2308 τε
755 2257 838 2308 καὶ
872 2253 1204 2324 Αἰγυπτίοισι
1239 2256 1404 2307 κοινὸν
1432 2249 1574 2307 εἶναι·
1619 2254 1696 2305 οἷ-

119 2333 250 2385 κέειν
288 2353 341 2385 τε
380 2333 481 2403 γὰρ
517 2333 618 2399 ἔξω
659 2336 753 2387 τοῦ
786 2332 981 2394 Δέλτα,
1019 2332 1100 2384 καὶ
1140 2331 1232 2384 οὐκ
1275 2330 1572 2402 ὁμολογέειν
1607 2330 1695 2383 αὗ-

118 2412 276 2463 τοῖσι·
318 2408 611 2474 βούλεσθαί
644 2432 700 2463 τε
732 2412 935 2464 πάντων
970 2408 1135 2478 σφίσι
1171 2409 1353 2475 ἐξεῖναι
1392 2404 1698 2478 γεύεσθαι.”

120 2492 149 2541 ὅ
176 2488 232 2541 δὲ
261 2486 377 2543 θεός
403 2490 574 2557 σφεας
600 2488 691 2541 οὐκ
727 2489 785 2541 ἴα
817 2488 1010 2542 ποιέειν
1038 2490 1214 2547 ταῦτα,
1242 2486 1349 2555 φὰς
1387 2491 1420 2511 “
1441 2483 1698 2556 Αἴγυπτον
1715 2499 1741 2540 8

121 2560 247 2619 εἷναι
281 2563 465 2633 ταύτην
490 2566 583 2634 τὴν
607 2568 637 2619 ὁ
673 2567 861 2621 Νεῖλος
892 2564 1047 2618 ε’πιῶν
1071 2563 1230 2634 ἄρδει·
1277 2564 1359 2615 καὶ
1393 2562 1700 2634 Αἰγυπτίους

204 2658 302 2689 τοι.
324 2658 360 2690 ι.
892 2656 931 2693 lt
