1975 2892
300 93 378 150 36
877 99 1287 148 ΗΡοΔοΤοΥ
1520 142 1870 190 mmm—546

303 217 671 280 βαλλεόμενος·
713 215 805 265 τοῦ
829 211 1053 281 χαλκέος
1089 207 1180 263 δῦο
1217 207 1376 279 ὁρέων
1401 207 1595 278 φύσας,
1626 209 1746 263 τοὺς
1772 209 1889 261 ἀνέ-

305 315 431 364 μους
467 290 672 359 εὕρισκε
707 289 901 344 ἐόντας·
944 291 1035 341 τὸν
1073 288 1129 341 δὲ
1169 287 1362 355 ἄκμονα
1402 288 1484 340 καὶ
1524 287 1613 354 τὴν
1655 285 1891 356 σφῦραν,

274 374 282 381 ’
307 373 397 425 τόν
431 393 487 424 τε
522 367 683 423 τύπον
718 369 800 422 καὶ
839 369 928 421 τὸν
962 365 1249 419 ἀντίτυπον·
1293 367 1383 418 τὸν
1410 365 1465 417 δὲ
1492 364 1896 432 ἐξελαυνόμενον

312 450 541 518 σίδηρον,
570 449 630 500 τὸ
655 449 797 515 πῆμα
827 445 913 499 ε’πὶ
947 444 1139 512 πήματι
1175 443 1417 510 κείμενον·
1464 445 1588 495 κατὰ
1615 444 1817 496 τοιόνδε
1846 464 1897 496 τι

312 528 537 592 εἶκάζων,
583 525 650 581 ὧς
703 525 790 578 ε’πὶ
835 528 968 596 κακῷ
1022 521 1289 592 ἀνθρώπου
1338 521 1551 590 σίδηρος
1602 519 1895 590 ἀνεύρηται.

273 615 297 655 ⁵
314 606 771 673 Συμβαλλεόμενος
817 602 872 655 δὲ
919 604 1093 661 ταῦτα,
1137 600 1219 651 καὶ
1266 599 1503 652 ἀπελθὼν
1542 598 1598 653 ε’ς
1640 600 1897 669 Σπάρτην,

315 685 508 755 ἔφραζε
554 681 994 748 Λακεδαιμονίοισι
1046 681 1147 730 πᾶν
1200 679 1258 730 τὸ
1304 679 1533 748 πρῆγμα.
1604 678 1655 729 οἱ
1710 678 1787 738 δὲ,
1842 678 1901 729 ἐκ

277 764 480 832 θλόγου
514 762 755 814 πλαστοῦ
795 756 1138 811 επενείκαντές
1172 755 1223 808 οἱ
1258 754 1439 822 αἰτίην,
1468 754 1702 820 ἐδίωξαν.
1755 758 1785 808 6
1824 757 1902 816 δὲ,

319 841 619 906 ἀπικόμενος
645 836 699 891 ἔς
718 837 921 907 Τεγέην,
946 836 1027 886 καὶ
1055 834 1265 904 φράζων
1284 833 1376 900 τὴν
1402 835 1593 885 εωυτοῦ
1621 833 1907 902 συμφορὴν

321 919 450 987 πρὸς
489 917 579 968 τὸν
617 915 830 983 χαλκέα,
872 911 1152 981 ἐμισθοῦτο
1191 909 1309 982 παρ’
1351 911 1444 964 οὐκ
1483 910 1773 965 ε’κδιδόντος
1811 912 1909 977 τὴν

281 999 307 1043 ἵ
325 992 503 1061 αὐλήν.
565 995 735 1065 χρόνῳ
776 992 832 1045 δε
879 991 946 1045 ὣς
992 989 1267 1060 ἀνέγνωσε,
1308 988 1589 1056 ἐνοικίσθη.
1652 987 1911 1058 ἀνορύξας

325 1073 382 1126 δε
409 1074 498 1125 τὸν
523 1072 708 1140 τάφον,
740 1070 820 1122 καὶ
846 1069 909 1121 τὰ
944 1067 1104 1120 ὀστέα
1140 1067 1418 1132 συλλέξας,
1449 1087 1620 1136 οιχετο
1647 1067 1880 1136 φέρων’
1854 1089 1910 1122 ες

327 1151 580 1220 Σπάρτην.
636 1149 718 1201 και
755 1149 854 1200 ἀπὸ
892 1168 1077 1199 τουτου
1112 1149 1205 1198 τοῦ
1238 1148 1448 1216 χρόνου,
1485 1145 1611 1199 ὅκως
1649 1166 1911 1218 πειρωατο

329 1226 592 1294 ἀλλήλων,
621 1228 805 1299 πολλῷ
841 1225 1201 1295 κατυπέρτεροι
1236 1224 1308 1296 τῷ
1342 1223 1553 1296 πολέμῳ
1589 1222 1820 1293 ε’γίνοντο
1860 1225 1913 1276 οἶ

331 1306 730 1371 Λακεδαιμόνιοι·
775 1304 869 1372 ἤδη
898 1302 955 1356 δέ
983 1305 1087 1372 σφι
1124 1302 1206 1354 καὶ
1240 1299 1271 1367 ἡ
1306 1301 1481 1370 πολλὴ
1517 1303 1606 1368 τῆς
1632 1304 1914 1354 Πελοπον-

334 1383 495 1453 νήσου
521 1381 582 1450 ἦν
610 1381 1041 1478 κατεστραμμένη.

242 1461 320 1516 69
418 1464 585 1514 Ταῦτα
627 1460 687 1528 δὴ
731 1459 801 1512 ὦν
844 1461 1010 1514 πάντα
1048 1457 1417 1524 πυνθανόμενος
1460 1457 1489 1508 6
1533 1455 1771 1525 Κροῖσος,
1816 1473 1913 1506 επ-

337 1559 466 1606 εμπε
505 1539 556 1594 ε’ς
592 1539 824 1609 Σπάρτην
850 1537 1106 1608 ἀγγέλους
1133 1537 1269 1606 δῶρά
1294 1557 1351 1587 τε
1388 1531 1652 1604 φέροντας,
1683 1553 1765 1585 και
1794 1531 1911 1598 δεη-
1960 1533 1962 1542 “

339 1614 587 1684 σομένους
627 1616 933 1684 συμμαχίης,
972 1616 1319 1680 ἐντειλάμενός
1354 1635 1410 1664 τε
1445 1613 1508 1664 τὰ
1546 1610 1719 1680 λέγειν
1760 1611 1911 1678 χρῆν.

299 1695 389 1752 201
429 1694 503 1753 δὲ,
546 1691 782 1745 ἐλθόντες
821 1690 1029 1760 ἔλεγον·
1088 1686 1380 1758 “”Επεμψε
1424 1688 1579 1756 ἡμέας
1618 1691 1849 1758 Κροῖσος
1890 1693 1919 1742 6

341 1772 518 1826 Λυδῶν
552 1791 608 1821 τε
642 1770 724 1820 καὶ
759 1767 934 1820 ἄλλων
969 1766 1152 1820 ἐθνέων
1176 1766 1447 1829 βασιλεὺς,
1476 1767 1643 1837 λέγων
1668 1768 1811 1820 τάδε·
1846 1763 1921 1820 Ὠ

343 1848 740 1913 Λακεδαιμόνιοι,
767 1843 1060 1914 χρήσαντος
1094 1847 1185 1896 τοῦ
1223 1843 1342 1896 θεοῦ
1378 1847 1467 1898 τὸν
1484 1842 1719 1911 Ἕλληνα
1754 1846 1925 1914 φίλον

342 1922 685 1995 προσθέσθαι,
742 1923 894 1990 ὑμέας
943 1924 1045 1993 γὰρ
1096 1921 1409 1990 πυνθάνομαι
1462 1925 1777 1992 προεστάναι
1831 1925 1925 1990 τῆς

342 2001 613 2065 Ἑλλάδος,
643 1999 796 2067 ὑμέας
822 1999 891 2052 ὦν
917 2002 1042 2053 κατὰ
1075 2001 1135 2052 τὸ
1169 1997 1487 2070 χρηστήριον
1510 2001 1925 2071 προσκαλέομαι,

346 2080 506 2150 φίλος
541 2101 596 2132 τε
633 2078 798 2131 θέλων
821 2078 1063 2148 γενέσθαι
1100 2079 1181 2130 καὶ
1220 2075 1491 2146 σύμμαχος
1526 2079 1643 2130 ἄνευ
1677 2098 1737 2130 τε
1764 2079 1927 2131 δόλου

307 2159 428 2213 8καὶ
456 2154 704 2225 ἇπάτης.”
787 2157 1013 2226 Κροῖσος
1046 2155 1140 2223 μὲν
1166 2155 1228 2222 δὴ
1254 2159 1411 2208 ταῦτα
1448 2155 1511 2209 δι’
1540 2156 1775 2226 ἂγγέλων
1801 2155 1925 2210 ἐπε-

348 2234 665 2305 κηρυκεύετο.
749 2233 1129 2300 Λακεδαιμόνιοι
1157 2234 1230 2294 δὲ,
1261 2233 1528 2301 ἀκηκοότες
1568 2235 1649 2287 καὶ
1683 2233 1832 2288 αὐτοὶ
1868 2237 1927 2288 τὸ

350 2313 656 2383 θεοπρόπιον
681 2312 739 2364 τὸ
767 2311 976 2382 Κροίσῳ
1002 2313 1289 2381 γενόμενον,
1312 2310 1551 2378 ἥσθησάν
1575 2333 1631 2363 τε
1658 2315 1719 2378 τῇ
1746 2312 1931 2381 ἀφίξεῖ

349 2396 451 2441 τῶν
477 2392 670 2450 Λυδῶν,
700 2390 782 2442 καὶ
808 2387 1115 2454 ἐποιήσαντο
1153 2387 1298 2458 ὅρκια
1333 2389 1519 2456 ξεινίης
1545 2391 1660 2459 πέρι
1688 2391 1771 2442 καὶ
1798 2391 1927 2458 ξυμ·

351 2467 554 2533 μαχίης·
626 2467 708 2519 καὶ
759 2467 861 2535 γάρ
912 2485 1044 2520 τινες
1094 2466 1279 2521 αὐτοὺς
1336 2466 1623 2538 εὐεργεσίαι
1676 2462 1822 2536 εἶχον
1874 2469 1931 2520 ἐκ

317 2542 584 2604 ίΚροίσου
628 2545 879 2611 πρότερον
923 2542 1001 2594 ἔτι
1044 2546 1319 2614 γεγονυῖαι.
1388 2545 1688 2614 πέμψαντες
1732 2547 1837 2617 γὰρ
1883 2549 1930 2600 οἱ
