1975 2892
596 102 971 149 ΚΛΕιο.--ι.
999 108 1208 163 97-100.
1618 88 1693 148 57

96 170 164 209 01.
188 168 253 209 17.
274 168 335 216 4.]

92 222 295 274 ἐόντων
320 224 423 271 τῶν
456 220 789 273 συναπάντων
824 220 968 280 ἔπτὰ,
999 217 1054 271 ἐν
1093 219 1150 272 δέ
1189 222 1261 292 τῷ
1299 222 1576 293 τελευταίῳ
1616 223 1680 274 τὰ

92 296 360 365 βασιλήἷα
384 298 553 349 ἔνεστι
578 296 659 348 καὶ
686 298 736 349 οἱ
762 296 1030 367 θησαυροί.
1075 298 1134 348 τὸ
1163 297 1218 349 δέ
1245 298 1409 350 αὐτῶν
1433 300 1680 369 μέγιστόν
1699 320 1725 360 3

93 376 221 429 ἐστι
260 378 431 444 τεῖχος
470 375 595 427 κατὰ
630 376 719 426 τὸν
752 372 1004 440 Ἀθηνέων
1039 372 1226 426 κῦκλον
1258 376 1489 442 μάλιστά
1523 396 1584 442 κη
1619 376 1682 429 τὸ

92 452 345 524 μέγαθος.
399 455 491 505 τοῦ
529 452 622 520 μὲν
659 450 721 518 δὴ
760 454 965 521 πρώτου
1006 449 1198 503 κύκλου
1235 452 1286 503 οἱ
1321 454 1681 522 προμαχεῶνές

92 532 209 585 εἶσι
242 530 439 583 λευκοί·
488 533 580 582 τοῦ
619 529 676 582 δὲ
717 528 971 600 δευτέρου,
1000 529 1231 596 μέλανες·
1279 529 1454 599 τρίτου
1494 531 1550 583 δέ
1591 528 1676 583 κῦ-

92 612 251 667 κλου,
302 608 568 677 φοινίκεοι·
627 608 875 676 τετάρτου
918 607 996 666 δὲ,
1045 607 1262 659 κυάνεοι·
1323 606 1557 674 πέμπτου
1603 608 1678 668 δὲ,

93 686 482 755 σανδαράκινοι.
519 682 651 737 οὕτω
677 686 881 738 πάντων
903 690 1006 737 τῶν
1031 682 1230 737 κύκλων
1247 685 1300 737 οἱ
1323 690 1682 754 προμαχεῶνες
1701 703 1726 742 9

90 761 401 831 ἠνθισμένοι
426 762 531 816 εἶσὶ
556 763 895 833 φαρμάκοισι.
952 760 1045 814 δύο
1071 763 1130 815 δὲ
1163 764 1214 815 01
1252 763 1538 815 τελευταῖοί
1577 763 1678 816 εἶσι

94 846 127 895 ὁ
165 841 265 909 μὲν
290 841 781 911 καταργυρωμένους,
811 843 839 893 ὁ
876 840 933 893 δὲ
969 841 1513 911 κατακεχρυσωμένους
1547 842 1682 911 ἔχων

93 918 223 973 τοὺς
246 923 631 986 προμαχεῶνας.

184 998 358 1049 Ταῦτα
390 995 484 1063 μὲν
518 994 579 1061 δὴ
608 996 637 1045 ὁ
665 996 878 1061 Δηῒόκης
914 994 1082 1065 ἑωυτῷ
1118 1013 1176 1045 τε
1211 993 1418 1061 ἐτείχεε,
1449 995 1530 1045 καὶ
1560 996 1678 1064 περὶ
1702 998 1779 1053 99

98 1075 167 1125 τὰ
212 1074 403 1125 ἑωυτοῦ
448 1071 596 1125 οἰκία·
636 1073 725 1124 τὸν
771 1072 826 1123 δέ
872 1070 1038 1123 ἄλλον
1079 1072 1238 1138 δῆμον
1277 1070 1428 1139 πέριξ
1471 1070 1680 1124 ἐκέλευε

99 1146 161 1198 τὸ
211 1146 384 1211 τεῖχος
424 1142 622 1196 οἰκέειν.
664 1141 1093 1211 οἰκοδομηθέντων
1134 1143 1192 1196 δέ
1230 1144 1448 1204 πάντων,
1487 1146 1684 1212 κόσμον
1703 1162 1727 1201 2

100 1222 253 1275 τόνδε
298 1224 514 1287 Δηῖόκης
554 1215 767 1290 πρῶτός
802 1221 917 1273 ἐστι
958 1224 988 1273 ὁ
1032 1223 1494 1289 καταστησάμενος·
1555 1220 1684 1290 μῆτε

101 1300 303 1353 ἐσιέναι
341 1300 479 1369 παρὰ
518 1298 746 1362 βασιλέα
784 1297 988 1366 μηδένα,
1039 1297 1105 1351 δι’
1148 1298 1384 1369 ὄγγέλων
1429 1300 1485 1353 δὲ
1519 1301 1686 1353 πάντα

100 1376 375 1447 χρέεσθαι,
418 1375 641 1445 ὁρᾶσθαί
681 1397 737 1429 τε
780 1376 1010 1441 βασιλέα
1040 1376 1140 1429 ὑπὸ
1180 1376 1409 1442 μηδενός·
1459 1379 1590 1446 πρός
1628 1396 1686 1428 τε

102 1453 343 1507 τούτοισι
367 1454 461 1514 ἔτι,
488 1455 647 1522 γελᾶν
671 1474 728 1507 τε
755 1454 837 1506 καὶ
860 1452 1039 1507 πτύειν
1063 1453 1236 1507 ἀντίον
1259 1454 1344 1506 καὶ
1367 1454 1532 1506 ἅπασι
1559 1448 1686 1506 εἶναι

106 1534 263 1585 τοῦτό
289 1552 351 1601 γε
377 1530 613 1601 αἶσχρόν.
657 1534 824 1584 Ταῦτα
844 1532 899 1584 δέ
926 1531 1045 1599 περὶ
1062 1532 1250 1582 ἑωυτὸν
1275 1530 1518 1598 ἐσέμνυνε
1529 1532 1686 1584 τῶνδε
1705 1553 1729 1593 a

108 1607 313 1669 εἵνεκεν,
343 1608 471 1663 ὅκως
496 1608 558 1661 ἂν
582 1609 649 1676 μὴ
672 1611 887 1677 ὁρῶντες
914 1609 964 1660 οἱ
992 1606 1248 1674 ὁμηλικες,
1271 1608 1438 1661 ἐόντες
1467 1606 1682 1678 σύντρο-

108 1686 210 1756 φοί
236 1707 292 1738 τε
328 1686 516 1759 ἐκείνῳ,
546 1687 628 1738 καὶ
660 1686 818 1752 οἰκίης
852 1686 913 1738 οὔ
948 1684 1326 1755 φλαυροτέρης,
1355 1686 1473 1739 οὐδὲ
1510 1686 1563 1741 ἐς
1597 1686 1684 1739 ἀν-

110 1763 388 1835 δραγαθίην
406 1767 713 1832 λειπόμενοι,
735 1763 1012 1817 λυπεοίατο
1039 1763 1120 1814 καὶ
1141 1762 1541 1827 ἐπιβουλεύοιεν,
1565 1762 1685 1818 ἀλλ’

110 1844 333 1912 ἑτεροῖός
360 1843 463 1910 σφι
505 1842 673 1895 δοκέοι
700 1836 825 1893 εἶναι
850 1840 921 1908 μὴ
946 1844 1131 1911 ὁρῶσι.
1370 1841 1518 1897 Ἐπεί
1547 1864 1605 1896 τε
1630 1844 1687 1896 δέ
1711 1842 1824 1895 100

110 1923 269 1973 ταῦτα
296 1921 621 1987 διεκόσμησε,
650 1920 731 1972 καὶ
757 1918 994 1989 ἐκράτυνε
1020 1920 1208 1973 ἑωυτὸν
1239 1924 1301 1989 τῇ
1327 1922 1598 1991 τυραννίδι,
1627 1919 1690 1987 ἦν

110 2000 172 2050 τὸ
210 1997 401 2051 δίκαιον
435 1999 733 2066 φυλάσσων
766 2000 1014 2065 χαλεπός.
1059 1999 1140 2051 καὶ
1178 2000 1268 2054 τάς
1301 2020 1356 2052 τε
1395 2000 1536 2053 δίκας
1560 2001 1686 2069 γρά-

112 2077 320 2144 φοντες,
362 2072 489 2129 εἴσω
528 2074 647 2146 παρ’
686 2076 873 2128 ἐκεῖνον
912 2075 1318 2143 ἐσεπέμπεσκον·
1383 2078 1464 2130 καὶ
1505 2078 1691 2131 ἐκεῖνος

114 2154 377 2222 διακρίνων
428 2154 519 2207 τὰς
570 2153 937 2224 ἐσφερομένας,
995 2152 1330 2219 ἐκπέμπεσκε.
1389 2157 1548 2205 ταῦτα
1598 2153 1692 2220 μὲν
1709 2164 1734 2204 2

115 2232 241 2283 κατὰ
266 2232 355 2285 τὰς
381 2231 522 2285 δίκας
556 2230 740 2284 ἐποίεε·
785 2232 849 2283 τὰ
884 2231 941 2283 δέ
980 2230 1044 2297 δὴ
1080 2230 1220 2282 ἄλλα
1251 2230 1589 2297 ἐκεκοσμέατό
1619 2232 1688 2282 οἶ.

115 2306 166 2362 εἴ
188 2330 297 2361 τινα
320 2309 623 2362 πυνθάνοιτο
650 2309 941 2379 ὑβρίζοντα,
970 2311 1156 2359 τοῦτον
1181 2307 1309 2362 ὅκως
1333 2308 1689 2377 μεταπέμψαι-

115 2407 197 2447 το,
226 2384 330 2439 κατ’
351 2386 497 2453 ἀξίην
523 2388 745 2440 ἑκάστου
764 2384 1070 2453 ἀδικήματος
1089 2385 1323 2437 ἐδικαίευ·
1369 2385 1452 2437 καί
1471 2386 1520 2436 οἱ
1541 2387 1690 2436 κατά-

27 2478 32 2517 ἱ
118 2463 306 2517 σκοποί
330 2484 387 2516 τε
412 2465 497 2517 καὶ
530 2462 766 2533 κατήκοοι
791 2461 925 2531 ἦσαν
951 2462 1048 2515 ἀνὰ
1071 2464 1246 2516 πᾶσαν
1277 2461 1368 2529 τὴν
1398 2462 1571 2531 χώρην
1605 2464 1696 2529 τῆς

29 2524 32 2643 ᾗ
119 2540 267 2611 bm-
