1975 2892
128 136 192 175 01.
213 134 272 175 ⁶4.
294 134 348 182 ⁴·]
542 72 641 118 ΘΑ
653 73 695 117 Α
707 73 781 117 ΕΙ
793 73 1022 118 A.—111.
1059 70 1203 117 108-1
1216 82 1290 129 14.
1596 63 1709 117 281

129 186 193 237 τὰ
229 182 370 251 ἡμεῖς
405 182 506 238 ἀπὸ
543 184 786 239 Φοινίκων
821 186 1068 254 μαθόντες
1105 188 1419 255 κιννάμωμον
1451 187 1714 255 καλέομεν·

129 262 340 333 φορέειν
375 263 430 315 δὲ
463 262 552 317 τὰς
589 261 792 333 ὄρνιθας
827 264 880 319 ἐς
907 266 1169 325 νεοσσιὰς,
1207 265 1719 335 προσπεπλασμένας

131 340 189 393 ἐκ
228 342 396 406 πηλοῦ
435 342 563 410 πρὸς
603 340 976 410 ἀποκρήμνοισι
1018 346 1215 413 οὔρεσι,
1255 343 1375 396 ἔνθα
1414 346 1716 413 πρόσβασιν

129 416 380 490 ἀνθρώπῳ
407 414 645 486 οὐδεμίαν
681 414 824 473 εἶναι.
868 421 999 489 πρὸς
1036 420 1105 473 ὦν
1140 421 1201 487 δὴ
1227 424 1385 473 ταῦτα
1420 420 1539 475 τοὺς
1562 419 1713 491 Ἀρα-
1733 436 1759 475 8

126 495 282 562 βίους
309 495 624 565 σοφίζεσθαι
643 498 780 549 τάδε·
825 500 969 562 βοῶν
995 519 1051 550 τε
1078 498 1161 551 καὶ
1188 496 1329 572 ὄνων.
1344 504 1444 551 τῶν
1470 497 1718 570 ἀπογινο-

128 576 296 643 μένων
321 574 403 626 καὶ
437 579 539 627 τῶν
573 574 750 627 ἄλλων
785 574 1071 647 ὑποζυγίων
1095 577 1159 629 τὰ
1184 576 1353 645 μέλεα
1389 576 1718 644 διαταμόντας

133 650 222 706 ὡςΙ
248 651 484 722 μέγιστα,
531 653 751 720 κομίζειν
795 654 846 708 ἐς
892 658 1052 707 ταῦτα
1092 654 1157 707 τὰ
1200 653 1384 723 χωρία·
1450 654 1533 707 καί
1578 653 1719 722 σφεα

133 729 311 783 θέντας
371 730 536 801 ἀγχοῦ
595 736 695 783 τῶν
757 732 1054 793 νεοσσιέων,
1110 731 1552 786 ἀπαλλάσσεσθαι
1607 732 1721 787 ἑκὰς

133 807 345 861 αὐτέων·
400 809 491 863 τὰς
537 809 592 862 δὲ
633 807 835 880 ὄρνιθας
881 809 1301 878 καταπετομένας,
1340 810 1403 863 τὰ
1450 815 1551 863 τῶν
1592 810 1716 863 ὑπο·
1739 820 1767 863 4

136 885 322 955 ζυγίων
355 886 521 953 μέλεα
557 886 859 955 ἀναφορέειν
886 888 971 943 ε’πὶ
1005 889 1097 943 τὰς
1132 889 1393 943 νεοσσιάς·
1438 890 1529 943 τὰς
1557 888 1632 953 δὲ,
1662 889 1720 941 οὐ

136 963 409 1031 δυναμένας
447 961 636 1033 ἴσχειν,
683 965 1125 1039 καταρρήγνυσθαι
1172 967 1255 1020 ἐπὶ
1292 968 1409 1037 γῆν·
1487 965 1606 1020 τούς
1646 966 1721 1025 δὲ,

136 1042 386 1102 ἐπιόντας,
413 1041 689 1113 συλλέγειν
715 1040 847 1096 οὕτω
875 1046 934 1097 τὸ
963 1046 1294 1113 κιννάμωμον·
1340 1046 1739 1115 συλλεγόμενον.

137 1121 196 1173 δὲ
223 1120 278 1172 ἐκ
305 1118 498 1172 τούτων
523 1120 850 1174 ἀπικνέεσθαι
879 1123 930 1177 ές
956 1123 1047 1177 τὰς
1073 1122 1237 1177 ἄλλας
1262 1123 1453 1193 χώρας.
1655 1123 1724 1175 Τὸ
1750 1123 1861 1178 112

139 1199 197 1252 δὲ
225 1198 284 1267 δὴ
303 1196 542 1265 λήδανον,
565 1200 624 1251 τὸ
646 1198 891 1253 καλέουσι
916 1200 1153 1271 Ἀράβιοι
1178 1201 1416 1262 λάδανον,
1439 1201 1514 1253 ἔτι
1541 1197 1726 1253 τούτου

139 1276 566 1347 θωυμασιώτερον
589 1277 798 1348 γίνεται·
845 1279 898 1332 ἐν
921 1280 1023 1350 γὰρ
1050 1279 1417 1351 δυσοδμοτάτῳ
1441 1281 1723 1349 γινόμενον,

137 1354 488 1407 εὐωδέστατόν
515 1355 646 1409 ε’στι.
692 1360 793 1408 τῶν
825 1357 927 1428 γὰρ
964 1356 1121 1428 αἷγῶν
1148 1362 1248 1408 τῶν
1274 1358 1475 1428 τράγων
1508 1357 1562 1409 ε’ν
1586 1356 1726 1407 τοῖσι
1748 1370 1775 1411 2

137 1435 358 1503 πώγωσι
399 1431 688 1503 εὑρίσκεται
729 1434 1069 1505 ἐγγινόμενον,
1113 1429 1222 1486 οἷον
1260 1434 1459 1504 γλοιὸς,
1497 1433 1598 1486 ἀπὸ
1640 1433 1729 1499 τῆς

139 1508 287 1578 ὕλης.
329 1507 588 1580 χρήσιμον
615 1508 662 1564 δ’
693 1512 745 1566 ἐς
779 1512 958 1566 πολλὰ
992 1516 1093 1564 τῶν
1127 1509 1301 1581 μύρων
1327 1510 1461 1563 ἐστι’·
1508 1510 1730 1579 θυμιῶσί

141 1611 200 1641 τε
224 1590 456 1656 μάλιστα
486 1593 638 1641 τοῦτο
679 1588 936 1660 Ἀράβιοι.
1178 1592 1419 1643 Τοσαῦτα
1459 1589 1553 1657 μὲν
1596 1588 1727 1641 θυω-
1754 1590 1867 1653 11¹3

142 1668 315 1735 μάτων
339 1666 456 1737 πέρι
484 1665 726 1737 εἰρήσθω·
772 1669 948 1733 ἀπόζει
977 1668 1033 1721 δὲ
1060 1670 1148 1735 τῆς
1173 1668 1345 1737 χώρης
1372 1668 1461 1734 τῆς
1484 1665 1732 1737 Ἀραβίης

146 1744 428 1799 θεσπέσιον
464 1745 531 1800 ὧς
557 1744 670 1811 ἡδύ.
755 1743 860 1798 Δύο
890 1746 944 1799 δὲ
979 1742 1130 1817 γένεα
1166 1740 1287 1798 ὀΐων
1314 1745 1420 1813 σφί
1455 1744 1570 1797 ἐστι
1599 1742 1730 1797 θωύ-

143 1844 303 1891 ματος
338 1822 472 1888 ἄξια,
510 1824 574 1875 τὰ
611 1824 854 1891 οὐδαμόθι
890 1823 1101 1895 ἑτέρωθί
1136 1824 1269 1877 ε’στι.
1314 1825 1373 1876 τὸ
1412 1823 1505 1890 μὲν
1545 1823 1733 1877 αὐτέων
1754 1835 1779 1877 2

146 1900 320 1971 ἕτερον
347 1902 455 1969 ἔχει
490 1902 581 1955 τὰς
609 1902 761 1971 οὐρὰς
795 1904 1005 1971 μακρὰς,
1034 1908 1187 1974 τριῶν
1212 1902 1418 1971 πηχέων
1445 1901 1537 1953 οὐκ
1566 1902 1733 1954 ε’λάσ-

147 1992 323 2033 σονας·
368 1980 458 2034 τὰς
495 1976 544 2031 εἴ
577 2002 652 2035 τις
681 1980 820 2046 ε’πείη
851 1982 954 2049 σφι
982 1982 1231 2041 ε’πέλκειν,
1264 1980 1424 2033 ἕλκεα
1459 1980 1521 2033 ἂν
1548 1980 1733 2049 ἔχοιεν,

146 2056 583 2127 ἀνατριβομενέων
607 2059 736 2127 πρὸς
757 2063 817 2125 τῇ
843 2061 908 2128 γῇ
937 2063 1039 2110 τῶν
1066 2058 1273 2128 οὐρέων.
1318 2062 1405 2111 νῦν
1432 2056 1474 2110 δ’
1504 2058 1636 2112 ἅπας
1660 2078 1737 2111 τις
1758 2070 1783 2111 8

144 2139 249 2187 τῶν
285 2134 537 2202 ποιμένων
572 2136 843 2189 ἐπίσταται
880 2136 1209 2206 ξυλουργέειν
1245 2136 1297 2191 ἐς
1323 2139 1564 2187 τοσοῦτο·
1610 2138 1736 2200 ἁμα-

147 2212 294 2279 ξίδας
319 2214 419 2283 γὰρ
447 2217 723 2275 ποιεῦντες,
753 2212 1031 2267 ὑποδέουσι
1068 2212 1223 2265 αὐτὰς
1248 2217 1370 2279 τῇσι
1398 2212 1601 2281 οὐρῇσι,
1631 2212 1742 2265 ἐνὸς

148 2291 372 2344 ἑκάστου
409 2289 612 2358 κτήνεος
647 2291 738 2359 τὴν
775 2292 928 2361 οὐρὴν
965 2291 1050 2345 ἐπὶ
1086 2289 1306 2357 ἁμαξίδα
1342 2291 1561 2356 ἑκάστην
1587 2309 1739 2341 κατα-

148 2368 370 2423 δέοντες.
414 2370 473 2421 τὸ
495 2370 550 2422 δὲ
579 2368 752 2441 ἕτερον
776 2370 924 2440 γένος
949 2374 1051 2422 τῶν
1076 2363 1198 2422 ὀΐων
1224 2368 1313 2423 τὰς
1340 2367 1494 2437 οὐρὰς
1519 2364 1743 2421 πλατέας
1764 2375 1791 2415 4

148 2445 427 2516 φορέουσι,
452 2447 533 2499 καὶ
561 2447 644 2501 ε’πὶ
670 2450 840 2516 πῆχυν
864 2448 1081 2503 πλάτος.
1320 2444 1744 2514 ’Λποκλινομένης
1767 2444 1795 2497 l
1810 2444 1884 2499 14

150 2524 209 2579 δὲ
245 2524 572 2595 μεσαμβρίης
605 2524 820 2596 παρήκει
844 2527 974 2597 πρὸς
1012 2524 1225 2581 δύνοντα
1260 2524 1416 2595 ἥλιον
1447 2521 1477 2592 ἦ
1505 2522 1744 2590 Αἰθιοπίη
