1975 2892
607 128 1096 185 eAAEIA.-—111.
1125 144 1298 196 45-50·
1625 134 1741 194 247

135 188 210 227 01.
235 188 300 228 68
321 189 382 239 4.]

238 240 652 305 Συνεπελάβοντο
695 241 750 295 δὲ
797 244 888 294 τοῦ
935 240 1313 310 στρατεύματος
1354 245 1449 296 τοῦ
1492 243 1577 299 ἐπὶ
1630 248 1725 299 Σά-
1756 254 1833 307 48

146 338 274 384 μον,
311 319 447 372 ὥστε
475 320 731 389 γενέσθαι,
761 320 842 373 καὶ
877 319 1133 390 Κορίνθιοι
1166 318 1454 391 προθύμως.
1498 322 1729 396 υβρισμα
1754 340 1779 381 2

145 396 260 466 γὰρ
291 399 374 451 καὶ
414 398 466 453 ἐς
498 398 708 456 τούτους
742 395 850 468 εἶχε
885 399 941 451 ἐκ
974 403 1075 452 τῶν
1110 399 1306 467 Σαμίων
1334 404 1603 473 γενόμενον
1639 427 1727 476 γε-

147 478 246 541 νεῇ
285 478 536 548 πρότερον
573 482 665 533 τοῦ
705 477 1085 548 στρατεύματος
1122 476 1323 541 τούτου,
1365 482 1491 534 κατὰ
1534 481 1599 549 δὴ
1638 486 1729 538 τὸν

137 556 308 609 αὐτὸν
332 558 521 653 χρόνρν
545 558 637 608 τοῦ
674 556 919 626 κρητῆρος
953 557 1015 623 τῇ
1054 555 1259 626 ἁρπαγῇ
1292 558 1523 627 γεγονός.
1607 563 1738 626 Κερ·
1752 574 1779 614 ⁸

138 635 373 705 κυραίων
410 634 512 706 γὰρ
552 635 735 689 παιδας
777 633 1101 704 τριηκοσίους
1146 632 1342 704 ἀνδρῶν
1382 639 1485 687 τῶν
1524 634 1739 704 πρώτων

139 712 467 783 Περίανδρος
493 715 522 765 ὁ
550 711 857 781 Κυψέλου’
829 733 882 766 ες
908 713 1091 783 Σάρδις
1118 711 1395 783 ἀπέπεμψε
1420 712 1559 783 παρὰ
1582 710 1737 764 Ἀλυ-

141 792 305 844 άττεα
345 789 423 845 ἐπ’
467 790 673 858 ἐκτομῇ.
733 793 1076 860 προσχόντων
1118 790 1175 843 δὲ
1211 790 1265 845 ἐς
1302 790 1395 858 τὴν
1435 791 1603 857 Σάμον
1640 795 1738 843 τῶν
1755 808 1784 850 1

143 870 378 940 ἀγόντων
422 868 540 923 τοὺς
584 868 768 923 παῖδας
810 869 1109 939 Κορινθίων,
1153 866 1429 938 πυθόμενοι
1470 868 1521 922 οί
1562 869 1739 937 Σάμιοι

144 949 242 1001 τὸν
265 950 446 1018 λόγον,
476 946 552 1001 ἐπ’
581 942 690 999 οισι
721 946 932 1017 ἀγοίατο
969 948 1023 1002 ἐς
1057 947 1257 1017 Σάρδις,
1284 952 1463 1017 πρῶτα
1500 948 1593 1016 μὲν
1618 946 1739 1002 τοὺς

145 1026 336 1081 παῖδας
372 1024 610 1092 ἐδίδαξαν
637 1026 750 1095 ἱροῦ
785 1024 1029 1095 ἅψασθαι
1063 1025 1379 1095 Ἀρτέμιδος·
1419 1026 1548 1094 μετὰ
1575 1026 1649 1087 δὲ,
1678 1025 1740 1078 οὗ

143 1104 501 1174 περιορέοντες
543 1102 784 1157 ἀπέλκειν
824 1103 944 1159 τοὺς
980 1103 1145 1158 ἱκέτας
1180 1104 1235 1156 ἐκ
1270 1107 1363 1156 τοῦ
1400 1104 1531 1174 ἱροῦ,
1561 1104 1739 1157 σιτίων

147 1182 208 1235 δὲ
238 1182 355 1237 τοὺς
388 1182 572 1237 παῖδας
606 1182 859 1253 ἐργόντων
886 1181 1185 1253 Κορινθίων,
1215 1180 1525 1249 ἐποιήσαντο
1552 1183 1603 1235 οἱ
1637 1182 1737 1234 Σά-

145 1280 257 1329 μιοι
283 1260 454 1331 ὁρτὴν,
484 1263 543 1328 τῇ
573 1262 656 1313 καὶ
682 1264 770 1313 νῦν
796 1260 872 1313 ἔτι
896 1260 1147 1332 χρέωνται
1186 1261 1312 1314 κατὰ
1338 1260 1515 1314 ταύτά.
1559 1260 1737 1315 νυκτὸς
1754 1271 1782 1313 ⁸

145 1339 252 1411 γὰρ
279 1338 646 1409 ἐπιγενομένης,
675 1337 805 1393 ὅσον
828 1342 1019 1409 χρόνον
1046 1341 1265 1393 ἱκέτευον
1291 1340 1341 1391 οἱ
1365 1338 1559 1399 παῖδες,
1586 1335 1735 1391 ἵστα-

152 1439 255 1471 σαν
279 1416 468 1489 χοροὺς
500 1416 764 1488 παρθένων
789 1438 846 1470 τε
882 1419 964 1470 καὶ
1002 1414 1200 1485 ἧῖθέων·
1260 1417 1493 1470 ἱστάντες
1529 1416 1585 1469 δὲ
1619 1415 1740 1471 τοὺς

149 1496 359 1567 χοροὺς,
389 1496 586 1566 τρωκτὰ
624 1496 864 1563 σησάμου
889 1516 948 1548 τε
973 1496 1056 1547 καὶ
1081 1494 1291 1559 μέλιτος
1318 1492 1625 1561 ἐποιῆσαντο
1652 1496 1735 1548 νό-

151 1596 252 1643 μον
277 1573 550 1644 φέρεσθαι,
577 1570 659 1627 ἵνα
685 1574 994 1643 ἁρπάζοντες
1020 1574 1069 1625 οἱ
1096 1578 1197 1626 τῶν
1223 1571 1545 1643 Κερκυραίων
1562 1572 1739 1627 παῖδες

152 1654 322 1722 ἔχοιεν
345 1650 565 1723 τροφήν.
611 1653 663 1707 ἐς
688 1655 840 1705 τοῦτο
867 1652 925 1705 δὲ
951 1652 1072 1704 τόδε
1097 1650 1310 1722 ἐγίνετο,
1341 1651 1394 1705 ἐς
1420 1648 1448 1703 ὃ
1474 1651 1525 1703 οἱ
1551 1651 1733 1722 Κορίν-
1755 1658 1783 1701 ο

155 1731 274 1791 θιοι,
293 1735 394 1783 τῶν
417 1731 614 1784 παίδων
639 1732 688 1783 ol
715 1727 960 1799 φύλακοι,
983 1727 1190 1799 οἴχοντο
1216 1729 1575 1783 ἀπολιπόντες·
1618 1728 1739 1785 τοὺς

155 1810 212 1863 δὲ
249 1810 431 1863 παῖδας
475 1807 742 1880 ἀπήγαγον
782 1808 834 1863 ἐς
881 1807 1141 1880 Κέρκυραν
1178 1809 1229 1861 οἱ
1269 1808 1465 1876 Σάμιοι.
1674 1807 1739 1861 Εἰ
1762 1810 1841 1865 49

153 1887 246 1956 μέν
286 1908 375 1941 νυν
419 1888 736 1957 Περιάνδρου
787 1885 1191 1955 τελευτήσαντος
1233 1888 1375 1940 τοῖσι
1418 1885 1739 1957 Κορινθίοισι

155 1966 291 2035 φίλα
319 1962 382 2031 ἦν
405 1966 535 2035 πρὸς
570 1966 690 2020 τοὺς
732 1966 1086 2036 Κερκυραίους,
1116 1967 1165 2018 οί
1202 1966 1259 2019 δὲ
1294 1964 1385 2018 οὔκ
1428 1964 1490 2018 ἂν
1516 1966 1736 2020 συνελά-

155 2048 312 2109 βοντο
353 2046 446 2096 τοῦ
489 2041 868 2114 στρατεύματος
902 2047 996 2097 τοῦ
1032 2044 1116 2097 ἐπὶ
1143 2045 1311 2112 Σάμον
1335 2040 1519 2111 ταύτης
1554 2064 1739 2099 εινεκεν

651 2121 950 2142 88888

158 2201 398 2271 διάφοροι
440 2199 608 2255 ἐόντες
647 2202 903 2254 ἑωυτοῖσι.
959 2196 1155 2252 τούτων
1190 2198 1260 2252 ὧν
1295 2220 1479 2252 εινεκεν
1517 2200 1737 2267 ἀπεμνη-

160 2280 393 2332 σικάκεον
417 2298 559 2332 τοισι
585 2278 824 2347 Σαμίοισι
850 2278 899 2330 01
936 2276 1215 2348 Κορίνθιοι.
1284 2274 1577 2345 Ἀπέπεμπε
1604 2276 1716 2330 δε’
1688 2298 1740 2332 ες
1766 2292 1791 2333 8

159 2358 337 2427 Σάρδις
364 2355 442 2411 ἐπ’
471 2357 657 2425 ἐκτομῇ
691 2356 1022 2427 Περίανδρος,
1052 2360 1153 2409 τῶν
1176 2355 1391 2425 πρώτων
1418 2354 1741 2425 Κερκυραίων

159 2435 394 2502 ἐπιλέξας
436 2435 556 2489 τοὺς
591 2435 793 2496 παῖδας,
821 2431 1209 2504 τιμωρεύμενος·
1270 2435 1511 2504 πρότεροι
1548 2433 1650 2505 γὰρ
1692 2434 1743 2486 οἱ

161 2516 455 2585 Κερκυραῖοι
480 2510 642 2584 ἧρξαν
667 2514 719 2569 ἐς
745 2512 898 2566 αὐτὸν
920 2514 1133 2584 πρῆγμα
1166 2510 1465 2565 ἀτάσθαλον
1487 2509 1737 2579 ποιήσαν-

161 2614 258 2647 τες.
467 2591 616 2645 Ἐπεί
649 2612 706 2647 τε
746 2592 847 2663 γὰρ
873 2590 965 2660 τὴν
992 2593 1183 2645 ἑωυτοῦ
1216 2592 1428 2663 γυναῖκα
1464 2590 1743 2645 Μέλισσαν
1765 2591 1843 2645 50
