1975 2892
286 58 402 114 206
874 69 1280 114 ΗΡοΔοΤοΥ

1568 123 1758 171 [A.G.e.
1779 122 1874 162 616.

288 201 413 234 στος
438 177 669 233 τούτοισι
694 178 829 234 ἰ’σος·
874 179 1254 247 τεσσεράκοντα
1287 177 1492 246 πηχέων
1525 175 1730 229 τούτων
1757 177 1882 229 ἔκα-

242 270 266 310 Β
288 259 415 310 στόν
461 258 593 310 ἐστι.
637 260 697 310 τὸ
744 258 801 311 δὲ
846 257 1245 326 καταστέγασμα
1296 257 1386 322 τῆς
1437 254 1659 324 ὀροφῆς,
1709 255 1889 309 ἄλλος

286 335 531 387 ἐπικέεται
583 334 749 395 λίθος,
804 336 938 403 ἔχων
988 334 1080 401 τὴν
1131 333 1470 402 παρωροφίδα
1521 333 1885 400 τετράπηχυν.

154 413 269 468 156
287 407 431 463 Οὕτω
482 409 575 479 μέν
627 433 715 465 νυν
766 413 797 462 ὃ
842 409 959 478 νηὸς
1011 417 1111 464 τῶν
1162 413 1396 481 φανερῶν
1445 430 1534 477 μοι
1580 414 1686 461 τῶν
1739 411 1872 479 περὶ
1960 427 1961 450 ¹

286 491 438 540 τοῦτο
474 488 533 539 τὸ
568 488 676 557 ἱρόν
716 485 831 539 ἐστι
870 484 1316 552 θωυμαστότατον·
1359 491 1460 538 τῶν
1499 485 1556 538 δὲ
1592 487 1888 558 δευτέρων,

288 567 445 633 νῆσος
472 563 501 630 ἦ
529 565 720 632 Χέμμις
746 562 1043 630 καλευμένη,
1072 564 1188 614 ἔστι
1211 562 1305 630 μὲν
1331 563 1387 616 ἐν
1409 564 1564 630 λίμνῃ
1589 563 1764 631 βαθέῃ
1798 568 1892 618 καὶ

288 642 483 710 πλατέῃ
510 641 705 710 κειμένη
743 641 880 710 παρὰ
905 642 965 692 τὸ
993 641 1048 693 ἐν
1074 643 1260 693 Βουτοῖ
1293 642 1418 711 ἱρόν·
1461 641 1670 710 λέγεται
1700 643 1760 696 δὲ
1793 644 1890 697 ὑπ’

247 737 273 777 2
289 720 578 791 Αἰγυπτίων
603 714 729 772 εἶναι
767 715 890 784 αὕτη
917 716 948 785 ἡ
976 721 1134 785 νῆσος
1159 717 1359 786 πλωτή.
1403 719 1552 773 αὐτὸς
1577 720 1672 785 μὲν
1705 721 1890 792 ἔγωγε

288 801 406 850 οὔτε
430 797 711 856 πλέουσαν,
734 798 851 848 οὔτε
870 796 1160 862 κινηθεῖσαν
1177 793 1306 849 ἰ’δον·
1349 796 1542 862 τέθηπα
1562 796 1620 849 δὲ
1643 796 1882 861 ἀκούων,

246 889 271 930 8
290 874 333 926 εἰ
360 876 517 942 νῆσος
544 874 773 942 ἀληθέως
812 873 926 926 ἐστὶ
950 872 1150 940 πλωτή.
1195 875 1249 927 ἐν
1287 873 1348 940 δὴ
1377 873 1446 927 ὧν
1479 872 1634 940 ταύτῃ
1665 879 1792 941 νηός
1821 899 1884 930 τε

286 951 617 1006 ’Λπόλλωνος
640 952 798 1020 μέγας
823 951 913 1014 ἔνι,
942 952 1024 1004 καὶ
1056 952 1226 1019 βωμοὶ
1249 953 1521 1020 τριφάσιοι
1557 950 1876 1014 ἐνιδρύαται.

280 1027 607 1098 ἐμπεφύκασι
644 1028 689 1082 δ’
727 1029 781 1082 ἐν
814 1030 939 1096 αὐτῇ
976 1028 1207 1098 φοίνικες
1241 1027 1445 1094 συχνοὶ,
1475 1024 1556 1078 καὶ
1592 1023 1736 1079 ἄλλα
1763 1025 1882 1080 δέν-

247 1107 419 1177 4δρεα,
450 1107 531 1160 καὶ
558 1109 863 1174 καρποφόρα
888 1107 970 1160 καὶ
997 1108 1189 1176 ἄφορα,
1216 1105 1407 1158 πολλά.
1450 1105 1613 1169 λόγον
1638 1105 1698 1158 δὲ
1725 1107 1881 1159 τόνδε

248 1197 273 1238 6
288 1184 608 1255 ἐπιλέγοντες
632 1185 682 1236 οἱ
708 1179 996 1253 Αἰγύπτιοι,
1026 1183 1163 1252 φασὶ
1189 1179 1314 1236 εἶναι
1339 1183 1495 1252 αὐτὴν
1519 1182 1752 1250 πλωτήν·
1801 1188 1875 1240 ὡς

287 1263 342 1315 ἐν
380 1265 441 1330 τῇ
482 1260 621 1334 νήσῳ
657 1258 812 1328 ταύτῃ
850 1261 940 1314 οὐκ
974 1259 1130 1328 ἐούσῃ
1170 1263 1421 1331 πρότερον
1457 1265 1656 1328 πλωτῇ,
1693 1265 1870 1325 Λητὼ,

290 1341 448 1394 ἐοῦσα
473 1345 573 1393 τῶν
598 1340 729 1393 ὀκτὼ
766 1339 894 1392 θεῶν
919 1345 1020 1392 τῶν
1045 1341 1259 1409 πρώτων
1290 1339 1590 1410 γενομένων,
1620 1339 1870 1394 οἰκέουσα

288 1418 343 1470 δὲ
372 1420 425 1471 ἐν
451 1421 635 1472 Βουτοῖ
658 1422 800 1480 πόλι,
829 1415 909 1471 ἵνα
944 1415 1005 1484 δή
1034 1419 1083 1470 οἰ
1109 1419 1168 1470 τὸ
1194 1416 1512 1488 χρηστήριον
1546 1420 1699 1470 τοῦτό
1729 1418 1862 1478 ἐστι,

246 1503 271 1544 θ
286 1494 592 1551 Ἀπόλλωνα
630 1497 768 1566 παρὰ
800 1493 968 1550 Ἴσιος
1009 1493 1426 1565 παρακαταθήκην
1458 1495 1726 1562 δεξαμένη,
1763 1497 1860 1549 διέ-

288 1594 433 1626 σωσε
454 1571 826 1645 κατακρύψασα
845 1575 900 1627 ἐν
918 1573 981 1641 τῇ
1001 1577 1088 1626 νῦν
1106 1573 1286 1640 πλωτῇ
1303 1573 1554 1644 λεγομένῃ
1575 1571 1738 1644 νήσῳ·
1781 1573 1862 1626 ὅτε

286 1653 347 1719 δὴ
390 1653 448 1704 τὸ
490 1655 592 1706 πᾶν
618 1651 876 1720 διζήμενος
914 1655 943 1704 ὁ
978 1651 1168 1720 Τυφὼν
1199 1651 1407 1718 ἐπῆλθε,
1438 1651 1605 1704 θέλων
1641 1651 1859 1722 ἐξευρεῖν

285 1733 377 1782 τοῦ
416 1729 648 1800 Ὀσίριος
682 1732 770 1782 τὸν
796 1731 965 1784 παῖδα.
1035 1729 1340 1782 Ἀπόλλωνα
1376 1729 1450 1789 δὲ,
1489 1729 1570 1782 καὶ
1594 1726 1856 1798 Ἀρτεμιν,

286 1805 541 1860 Διονύσου
577 1809 657 1860 καὶ
684 1805 852 1863 Ἴσιος
889 1809 1108 1877 λέγουσι
1139 1803 1262 1860 εἶναι
1293 1807 1492 1861 παῖδας·
1549 1811 1751 1874 Λητοῦν
1789 1809 1861 1869 δὲ,

250 1886 483 1953 Ὶτροφὸν
507 1886 709 1940 αὐτοῖσι
748 1887 829 1938 καὶ
866 1887 1114 1956 σώτειραν
1149 1884 1408 1956 γενέσθαι.
1458 1885 1774 1954 Αἰγυπτιστὶ
1809 1887 1860 1938 δὲ

282 1958 557 2014 Ἀπόλλων
582 1964 691 2030 μὲν,
710 1959 889 2031 Ὧρος·
934 1961 1172 2033 Δημήτηρ
1211 1964 1286 2023 δὲ,
1313 1961 1468 2018 Ἶσις·
1507 1961 1758 2032 Ἄρτεμις
1787 1965 1856 2024 δέ,
1950 1997 1958 2029 ,ι

284 2037 590 2104 Βούβαστις.
649 2043 703 2094 ἐκ
729 2039 912 2094 τούτου
948 2042 1005 2094 δὲ
1030 2044 1122 2094 τοῦ
1146 2042 1309 2110 λόγου
1335 2041 1416 2093 καὶ
1443 2041 1648 2096 οὐδενὸς
1675 2041 1855 2101 ἄλλον,
1948 2036 1957 2057 ¹

285 2115 551 2186 Αἰσχύλος
576 2122 605 2171 ὁ
632 2119 963 2189 Εὐφορίωνος
993 2119 1194 2189 ἥρπασε
1219 2120 1276 2172 τὸ
1317 2119 1418 2188 ἐγὼ
1444 2119 1661 2188 φράσω,
1679 2123 1858 2187 μοῦνος
1947 2108 1956 2154 3

249 2195 344 2262 ὃδὴ
384 2196 631 2260 ποιητέων
664 2201 766 2248 τῶν
794 2197 1192 2267 προγενομένων.
1249 2197 1460 2263 ἐποίησε
1489 2197 1590 2267 γὰρ
1614 2195 1855 2267 Ἀρτεμιν

282 2269 406 2324 εἶναι
434 2270 683 2343 θυγατέρα
710 2271 996 2343 Δήμητρος.
1040 2273 1131 2340 τὴν
1159 2275 1214 2326 δὲ
1239 2276 1400 2341 νῆσον
1427 2274 1509 2326 διὰ
1535 2279 1692 2327 τοῦτο
1715 2276 1850 2343 γενέ-

283 2347 405 2398 σθαι
430 2347 656 2414 πλωτήν.
698 2354 855 2402 ταῦτα
881 2351 974 2418 μὲν
1000 2348 1132 2404 οὕτω
1158 2351 1394 2421 λέγουσι.

159 2403 269 2461 157
360 2421 676 2507 Ψαμμίτιχος
722 2422 779 2474 δὲ
822 2424 1139 2488 ἐβασίλευσε
1182 2428 1442 2499 Αἰγύπτου
1492 2426 1724 2498 τέσσερα
1770 2430 1846 2482 καὶ

282 2505 585 2554 mmmm-a
649 2501 781 2552 ἔτεα·
865 2508 968 2558 τῶν
1029 2506 1093 2558 τὰ
1151 2508 1262 2563 ἐνὸς
1327 2506 1505 2562 δέοντα
1569 2506 1848 2577 τριήκοντα,

1960 2796 1961 2819 ᾼ
1943 2637 1962 2720 4
