1975 2892
261 96 369 153 128
827 104 1232 151 ΗΡοΛοΤοΥ

257 218 446 281 Δέλτα,
490 219 559 273 ὥς
602 218 747 271 αὐτοὶ
790 217 1010 288 λέγουσι
1050 215 1339 287 Αἰγύπτιοι,
1383 214 1466 269 καὶ
1507 216 1624 283 ε’μοὶ
1659 214 1860 277 δοκέει,

262 299 377 351 ἔστι
404 297 712 367 κατάρρυτόν
737 317 795 348 τε
821 296 902 349 καὶ
930 297 1133 356 νεωστὶ,
1165 296 1234 349 ὥς
1265 297 1410 367 λόγῳ
1447 294 1624 353 εἰπεῖν,
1655 294 1860 347 ἀναπε-

221 377 437 444 σφηνός.
494 374 539 426 εἰ
590 374 760 426 τοίνυν
800 375 906 442 σφι
955 374 1098 444 χώρη
1150 395 1213 444 γε
1265 372 1483 440 μηδεμία
1527 372 1758 441 ὑπῆρχε,
1805 372 1864 426 τί

257 452 666 522 περιειργάζοντο
700 451 959 505 δοκέοντες
996 456 1190 521 πρῶτοι
1225 449 1504 520 ἀνθρώπων
1541 450 1859 520 γεγονέναι,

258 530 376 583 οὐδὲ
412 530 514 583 ἔδει
556 530 728 598 σφέας
768 530 821 584 ἐς
859 530 1122 598 διάπειραν
1157 534 1259 581 τῶν
1295 529 1510 581 παιδίων
1545 527 1696 587 ἰέναι,
1738 528 1864 580 τίνα

221 623 246 663 6
260 611 513 677 γλῶσσαν
555 609 759 678 πρώτην
800 604 1084 673 ἀπήσουσι.
1165 605 1315 659 Ἀλλ’
1369 608 1488 658 οὔτε
1531 604 1862 675 Αἰγυπτίους

260 687 417 739 δοκέω
444 686 547 754 ἅμα
565 688 636 758 τῷ
664 685 842 737 Δέλτα
860 688 932 755 τῷ
953 684 1036 738 ὑπ’
1064 683 1248 737 Ἰώνων
1267 683 1556 755 καλεομένῳ
1580 683 1860 753 γενέσθω,

259 763 359 816 αἰεί
384 786 440 816 τε
467 759 609 824 εἶναι,
638 763 698 829 ἐξ
723 761 785 815 οὗ
810 762 1088 832 ἀνθρώπων
1112 763 1260 833 γένος
1295 762 1512 833 ἐγένετο·
1557 760 1862 830 προῖοῦσης

261 842 317 894 δὲ
343 843 433 909 τῆς
458 842 644 910 χώρης,
672 841 905 895 πολλοὺς
937 842 1033 909 μὲν
1057 840 1178 895 τοὺς
1213 840 1652 907 ὑπολειπομένους
1679 840 1858 893 αὐτῶν

220 934 243 978 ⁷
258 918 517 989 γενέσθαι,
544 918 777 973 πολλοὺς
802 920 858 971 δὲ
894 917 1014 973 τοὺς
1048 917 1560 983 ὑποκαταβαίνοντας.
1603 918 1670 969 τὸ
1703 917 1751 970 δ’
1783 916 1858 970 ὃν

259 998 421 1050 πάλαι
455 997 507 1048 αἱ
536 998 721 1063 Θῆβαι,
751 993 1011 1067 Αἴγυπτος
1037 996 1290 1050 ἐκαλέετο·
1335 997 1426 1063 τῆς
1449 997 1510 1047 τὸ
1535 994 1856 1067 περίμετρον

169 1076 244 1130 16
262 1074 465 1127 στάδιοί
491 1073 594 1126 εἶσι
620 1072 785 1127 εἴκοσι
812 1075 894 1126 καὶ
920 1076 1098 1127 ἑκατὸν
1125 1076 1208 1127 καὶ
1233 1073 1596 1142 ἑξακισχίλιοι.
1789 1074 1857 1127 Εἰ

262 1151 332 1205 ὧν
357 1150 497 1220 ἡμεῖς
536 1151 699 1223 ὀρθῶς
732 1153 851 1221 περὶ
891 1152 1057 1205 αὐτῶν
1090 1154 1424 1224 γινώσκομεν,
1451 1150 1628 1206 Ἴωνες
1664 1152 1762 1204 οὐκ
1795 1150 1856 1204 εὖ

219 1246 244 1286 2
262 1230 543 1299 φρονέουσι
568 1230 685 1299 περὶ
709 1228 989 1301 Αἰγύπτου.
1033 1229 1079 1283 εἰ
1107 1232 1162 1284 δὲ
1187 1228 1314 1301 ὀρθή
1335 1232 1450 1283 ἐστι
1475 1230 1506 1297 ἡ
1532 1234 1635 1283 τῶν
1659 1227 1856 1284 Ἰώνων

260 1308 451 1377 γνώμη,
472 1306 733 1374 Ἕλληνάς
757 1328 814 1360 τε
848 1310 931 1361 καὶ
972 1308 1155 1363 αὐτοὺς
1184 1307 1366 1363 Ἴωνας
1395 1308 1729 1375 ἀποδείκνυμι
1755 1310 1854 1361 οὐκ

263 1386 627 1454 ἐπισταμένους
658 1385 976 1457 λογίζεσθαι·
1021 1384 1075 1439 οἵ
1098 1388 1236 1456 φασι
1261 1387 1376 1457 τρία
1415 1388 1567 1456 μόρια
1594 1382 1724 1439 εἶναι
1749 1390 1853 1457 γῆν

221 1481 246 1521 8
261 1467 452 1527 πᾶσαν,
490 1464 737 1535 Εὐρώπην
776 1485 833 1516 τε
874 1466 956 1517 καὶ
996 1464 1180 1531 Ἀσίην
1218 1466 1300 1518 καὶ
1336 1463 1544 1531 Λιβύην.
1599 1465 1854 1535 τέταρτον

260 1543 361 1613 γὰρ
388 1540 449 1611 δή
478 1544 647 1612 σφεας
672 1543 752 1595 δεῖ
773 1541 1236 1614 προσλογίζεσθαι,
1265 1540 1528 1614 Αἰγύπτου
1552 1544 1612 1595 τὸ
1641 1543 1845 1596 Δέλτα·

220 1620 308 1675 ίεί
334 1619 401 1689 μή
428 1642 479 1673 τι
503 1621 567 1691 γέ
600 1621 712 1674 ε’στι
746 1622 836 1688 τῆς
870 1619 1067 1688 Ἀσίης,
1096 1619 1222 1688 μήτε
1257 1623 1347 1688 τῆς
1387 1619 1598 1687 Λιβύης.
1642 1620 1708 1673 οὗ
1742 1622 1847 1692 γὰρ

264 1698 323 1765 δὴ
352 1702 381 1751 ὁ
409 1701 595 1753 Νεῖλός
613 1698 677 1770 γέ
695 1698 826 1759 ἐστι,
850 1699 975 1752 κατὰ
995 1703 1178 1751 τοῦτον
1195 1700 1285 1751 τὸν
1302 1701 1479 1769 λόγον,
1501 1702 1532 1752 ὁ
1551 1697 1644 1765 τὴν
1659 1696 1848 1766 Ἀσίην

263 1777 477 1845 οὐρίζων
501 1780 591 1844 τῆς
616 1774 825 1842 Λιβύης·
867 1780 959 1829 τοῦ
996 1777 1172 1829 Δέλτα
1199 1778 1255 1829 δὲ
1289 1775 1474 1829 τούτου
1509 1776 1635 1828 κατὰ
1659 1779 1722 1829 τὸ
1747 1778 1844 1843 ὀξὺ

261 1853 651 1924 περιρρήγνυται
684 1858 713 1907 ὁ
750 1856 956 1915 Νεῖλος,
986 1855 1124 1907 ὥστε
1160 1855 1216 1907 ἐν
1239 1856 1312 1927 τῷ
1351 1854 1542 1923 μεταξὺ
1566 1854 1750 1921 Ἀσίης
1781 1876 1844 1907 τε

263 1931 345 1983 καὶ
390 1931 583 1999 Λιβύης
626 1932 802 2002 γίνοιτ’
846 1932 923 1985 ἅν.
1008 1934 1106 1986 Καὶ
1150 1932 1242 2001 τὴν
1278 1933 1372 2001 μὲν
1411 1932 1593 1986 Ἰώνων
1636 1934 1843 2003 γνώμην

262 2008 488 2075 ἀπίεμεν·
558 2008 698 2078 ἡμεῖς
750 2012 806 2064 δὲ
872 2010 970 2064 ὧδε
1036 2012 1119 2065 καὶ
1183 2012 1302 2078 περὶ
1357 2009 1551 2064 τούτων
1599 2010 1836 2079 λέγομεν.

172 2091 245 2154 17
260 2090 518 2163 Αἴγυπτον
558 2094 653 2161 μὲν
690 2095 867 2147 πᾶσαν
906 2088 1032 2147 εἶναι
1071 2090 1256 2160 ταύτην
1295 2092 1388 2159 τὴν
1421 2090 1506 2145 ὑπ’
1546 2091 1836 2161 Αἰγυπτίων

260 2170 564 2238 οἰκεομένην,
608 2172 831 2238 κατάπερ
886 2170 1120 2239 Κιλικίην
1171 2170 1262 2238 τὴν
1313 2171 1413 2224 ὑπὸ
1460 2170 1699 2227 Κιλίκων.
1748 2170 1833 2222 καὶ

221 2244 545 2316 ,Ἀσσυρίην
578 2247 669 2315 τὴν
704 2247 801 2301 ὑπὸ
843 2248 1156 2317 Ἀσσυρίων.
1199 2252 1424 2317 οὔρισμα
1463 2247 1520 2299 δὲ
1560 2245 1710 2311 Ἀσίῃ
1754 2246 1838 2297 καὶ

261 2321 427 2389 Λιβύῃ
464 2323 668 2392 οἴδαμεν
703 2325 851 2377 οὐδὲν
876 2324 961 2378 ἐὸν
995 2325 1134 2397 ὀρθῷ
1169 2328 1329 2397 λόγῳ,
1359 2324 1405 2377 εἰ
1438 2324 1506 2392 μὴ
1535 2324 1652 2378 τοὺς
1678 2322 1830 2393 Αἰγυ-

220 2398 420 2457 επτίων
446 2404 645 2469 οὔρους.
688 2400 734 2453 εἰ
760 2402 815 2453 δὲ
842 2407 913 2473 τῷ
938 2402 1022 2455 ὑπ’
1049 2401 1314 2469 Ἑλλήνων
1339 2401 1680 2473 νενομισμένῳ
1703 2422 1830 2470 χρη-

261 2473 474 2537 σόμεθα.
530 2480 797 2544 νομιοῦμεν
847 2476 1110 2547 Αἴγυπτον
1161 2483 1352 2541 πᾶσαν,
1401 2479 1686 2550 ἀρξαμένην
1735 2480 1832 2531 ἀπὸ

244 2547 602 2603 ,Καταδούπων
640 2574 697 2605 τε
731 2555 814 2606 καὶ
852 2552 1222 2625 Ἐλεφαντίνης
1261 2561 1461 2619 πόλιος,
1492 2559 1616 2628 δίχα
1649 2557 1832 2627 διαιρέ-
