1975 2892
571 120 950 166 Imma—1.
990 114 1219 176 125-128.
1614 104 1689 161 73

96 188 163 226 01.
183 186 323 235 55.1.]

104 246 289 313 λόγον,
314 242 502 311 λέγων·
544 238 803 309 “””Ανδρες
836 239 1054 309 Πέρσαι,
1085 237 1217 291 οὕτω
1245 238 1360 305 ὑμῖν
1386 236 1514 306 ἔχει.
1555 239 1689 299 βου-

106 322 381 388 λομένοισι
418 320 511 386 μὲν
544 318 661 384 ε’μέο
700 318 987 377 πείθεσθαι,
1019 318 1132 369 ἔστι
1172 316 1293 367 τάδε
1331 337 1387 367 τε
1429 316 1510 367 καὶ
1548 315 1687 367 ἄλλα

108 400 266 467 μυρία
312 396 493 463 ἀγαθὰ,
536 396 714 448 οὐδένα
750 398 908 449 πόνον
954 394 1308 491 δουλοπρεπέα
1353 392 1553 462 ἔχουσι·
1615 390 1685 460 μή

106 476 480 543 βουλομένοισι
527 474 583 527 δὲ
630 472 745 541 ε’μέο
790 471 1079 529 πείθεσθαι,
1125 472 1228 523 εἶσὶ
1269 470 1384 536 ὑμῖν
1420 474 1568 524 πόνοι
1615 472 1686 541 τῷ

110 554 273 626 χθιζῷ
292 550 643 623 παραπλήσιοι
662 550 1010 621 ἀναρίθμητοι.
1047 552 1134 601 νῦν
1155 547 1270 601 ὤν’
1243 546 1358 615 εμέο
1379 546 1684 614 πειθόμενοι,
1708 566 1733 609 7

109 631 323 702 γίνεσθε
350 629 629 699 ἐλεύθεροι.
676 629 825 683 αὗτός
861 649 916 679 τε
953 628 1055 698 γὰρ
1095 626 1253 679 δοκέω
1291 625 1398 691 θείῃ
1436 623 1565 693 τύχῃ
1600 646 1687 695 γε·

106 711 277 779 γονῶς
318 710 439 761 τάδε
475 710 525 763 ἐς
567 710 742 804 χεῖρξις
782 705 1016 776 ἄγεσθαι·
1063 704 1143 757 καὶ
1187 703 1339 771 ὑμέας
1373 703 1560 773 ἥγημαι
1600 702 1686 754 ἅν-

109 790 237 857 δρας
264 785 455 853 Μήδων
481 782 605 839 εἶναι
642 784 701 836 οὔ
738 782 1109 852 φαυλοτέρους,
1140 784 1257 834 οὔτε
1289 783 1351 833 τὰ
1387 782 1542 844 ἄλλα,
1573 782 1690 832 οὔτε

1405 856 1515 878 2),

108 867 174 917 τὰ
200 864 443 931 πολέμια.
488 865 554 917 ὣς
581 862 649 914 ὧν
677 863 897 930 ἐχόντων
923 857 1039 934 ωδε,
1067 858 1361 913 ἀπίστασθε
1389 882 1462 912 απ
1517 866 1688 912 Αστυ-

108 945 265 1011 άγεος
291 942 383 1009 τὴν
407 936 716 1010 ταχίστην.”

197 1016 402 1085 Πέρσαι
454 1016 545 1083 μέν
598 1036 699 1077 νυν,
748 1017 1050 1085 προστάτεω
1099 1016 1477 1085 ἐπιλαβόμενοι,
1527 1016 1687 1082 ἅσμε-
1712 1022 1822 1084 127

104 1112 185 1145 roc
212 1092 595 1162 ἐλευθεροῦντο,
627 1092 707 1144 καὶ
742 1094 902 1145 πάλαι
937 1094 1102 1147 δεινὸν
1126 1093 1412 1162 ποιεύμενοι
1439 1096 1537 1148 ὑπὸ
1571 1096 1684 1164 Μή-

105 1171 212 1223 δων
237 1170 510 1240 ἄρχεσθαι.
555 1166 840 1240 Ἀστυάγης
877 1171 933 1223 δὲ
969 1172 1037 1224 ὧς
1073 1169 1285 1225 ἐπύθετο
1323 1176 1492 1243 Κῦρον
1515 1173 1684 1244 πρήσ-
1707 1192 1732 1231 2

104 1268 273 1300 σοντα
298 1250 472 1309 ταῦτα,
500 1248 712 1317 πέμψας
740 1248 979 1317 ἄγγελον,
1009 1249 1189 1302 ἐκάλεε
1223 1250 1392 1304 αὐτόν.
1437 1254 1466 1304 ὁ
1495 1252 1549 1304 δὲ
1583 1253 1684 1305 KG·

101 1346 200 1394 ρος
246 1324 449 1377 ε’κέλευε
493 1328 583 1378 τὸν
633 1324 855 1396 ἄγγελον
900 1326 1262 1397 ἀπαγγέλλειν,
1309 1328 1388 1381 ὅτι
1439 1332 1688 1399 πρότερον

102 1402 227 1469 ἥξοι
251 1400 371 1471 παρ’
398 1404 589 1455 ἐκεῖνον
612 1401 643 1471 ἢ
671 1404 823 1457 αὐτὸς
846 1402 1135 1475 Ἀστυάγης
1154 1402 1492 1473 βουλήσεται.
1536 1404 1683 1458 ἀκού·
1706 1425 1732 1465 a

104 1502 211 1533 σας
246 1480 304 1531 δὲ
333 1484 491 1533 ταῦτα
530 1484 559 1533 ὁ
584 1480 875 1551 Ἀστυάγης
902 1480 1111 1550 Μήδους
1137 1504 1194 1535 τε
1233 1484 1438 1535 ὥπλισε
1475 1484 1685 1549 πάντας,

106 1559 192 1609 καὶ
237 1560 524 1627 στρατηγὸν
574 1559 756 1618 αὐτῶν,
800 1560 937 1611 ὥστε
980 1559 1275 1627 θεοβλαβὴς
1319 1560 1430 1621 ἐὼν,
1473 1560 1688 1626 ἀπέδεξε

94 1634 386 1705 Ἅρπαγον,
419 1634 581 1703 λήθην
624 1634 921 1704 ποιεύμενος
958 1638 1023 1689 τά
1067 1658 1152 1703 μιν
1192 1636 1382 1707 ἐόργεε.
1447 1638 1514 1693 ὧς
1554 1636 1597 1691 δ’
1639 1641 1688 1692 οἱ
1708 1649 1755 1697 4“

106 1714 283 1780 Μῆδοι
325 1716 760 1783 στρατευσάμενοι
801 1718 941 1768 τοῖσι
983 1714 1225 1784 Πέρσῃσι
1270 1714 1600 1787 συνέμισγον,
1639 1718 1688 1769 οἷ

104 1790 203 1859 μέν
226 1810 359 1846 τινες
384 1792 547 1843 αὐτῶν
573 1792 842 1860 ἐμάχοντο,
866 1792 984 1845 ὅσοι
1011 1792 1080 1860 μὴ
1107 1797 1199 1846 τοῦ
1223 1796 1386 1863 λόγου
1411 1795 1685 1863 μετέσχον·

106 1870 158 1921 οἱ
186 1870 243 1921 δι’
270 1869 581 1936 αὐτομόλεον
596 1872 726 1938 πρὸς
747 1869 865 1926 τοὺς
883 1870 1112 1941 Πέρσας·
1155 1873 1204 1923 οἶ
1233 1872 1286 1925 δὲ
1308 1876 1546 1927 πλεῖστοι
1575 1872 1684 1926 ἐθε-

106 1948 355 1999 λοκάκεόν
394 1968 452 1999 τε
493 1949 574 1999 καὶ
619 1949 861 2019 ἔφευγον.
1102 1950 1441 2007 Διαλυθέντος
1487 1953 1542 2005 δὲ
1595 1955 1686 2004 τοῦ
1712 1956 1822 2009 128

108 2024 343 2091 Μηδικοῦ
370 2023 749 2094 στρατεύματος
774 2026 1020 2097 αἰσχρῶς,
1051 2029 1117 2083 ὣς
1151 2026 1362 2082 ἐπύθετο
1399 2032 1623 2097 τάχιστα
1658 2032 1687 2081 ὁ

106 2102 417 2172 Ἀστυάγης,
446 2104 566 2172 εφη,
594 2103 846 2157 ἀπειλέων
870 2108 942 2177 τῷ
970 2104 1138 2177 Κύρῳ·
1198 2110 1234 2131 “
1251 2106 1400 2159 Ἀλλ’
1429 2107 1534 2159 οὐδ’
1565 2107 1631 2160 ὣς
1658 2108 1686 2158 ὅ

108 2183 281 2250 Κῦρός
312 2202 375 2250 γε
400 2180 658 2250 χαιρήσει.
662 2179 693 2201 ”
772 2188 1010 2235 Τοσαῦτα
1039 2204 1198 2241 ειπας,
1227 2190 1430 2251 πρῶτον
1469 2184 1560 2251 μὲν
1587 2188 1730 2240 τῶν2

104 2260 287 2329 μάγων
330 2258 451 2313 τοὺς
489 2259 866 2329 ὀνειροπόλους,
910 2258 964 2313 οἵ
1000 2282 1088 2329 μιν
1132 2260 1425 2331 ἀνέγνωσαν
1468 2262 1689 2329 μετεῖναι

105 2338 199 2389 τὸν
242 2338 428 2405 Κῦρον,
470 2335 682 2391 τούτους
726 2337 1124 2392 ἀνεσκολόπισε.
1192 2338 1320 2406 μετὰ
1367 2338 1439 2397 δὲ,
1487 2338 1688 2390 ὥπλισε

105 2412 231 2467 τοὺς
265 2414 672 2483 ὑπολειφθέντας
706 2420 808 2467 τῶν
839 2415 1030 2483 Μήδων
1066 2416 1120 2467 ἐν
1154 2417 1226 2487 τῷ
1261 2414 1424 2475 ἄστεϊ,
1455 2415 1597 2469 νέους
1632 2433 1728 2473 ‘rea

106 2492 192 2543 καὶ
219 2489 519 2560 πρεσβύτας
549 2492 751 2562 ἄνδρας.
795 2492 1058 2564 ἐξαγαγὼν
1090 2494 1145 2545 δὲ
1184 2490 1412 2553 τούτους,
1444 2493 1524 2545 καὶ
1553 2516 1686 2561 συμ-

104 2569 291 2635 βαλὼν
328 2572 467 2622 τοῖσι
513 2569 771 2640 Πέρσῃσι,
810 2572 1040 2638 ἑσσώθη·
1090 2572 1172 2624 καὶ
1213 2570 1363 2625 αὐτός
1402 2593 1459 2624 τε
1496 2570 1686 2624 Ἀστυ-
