1975 2892
509 152 997 199 GAAEIA.—-111.
1034 147 1268 208 114-118.
1560 136 1675 189 283

81 222 154 263 Ol.
176 220 240 262 64.
257 219 317 268 4.]

83 277 151 327 τὸ
175 275 374 343 κράτος,
395 274 508 325 ἔστι
524 277 615 327 τοῦ
634 274 903 338 βασιλέος.
941 275 996 327 ἐκ
1017 276 1077 342 δὴ
1100 274 1168 327 ὧν
1182 279 1279 328 τοῦ
1294 271 1676 347 περικληΐοντος
1694 294 1719 336 8

85 354 273 421 οὔρεος
307 350 491 404 τούτου
528 351 634 423 ῥέει
673 354 898 419 ποταμὸς
936 352 1111 423 μέγας,
1146 356 1336 420 οὔνομα
1375 354 1434 407 δέ
1471 356 1520 407 οἶ
1562 355 1676 407 ἐστὶ

73 429 262 497 ''Amyc-
343 428 492 484 οὗτος
542 432 792 501 πρότερον
842 431 934 498 μὲν
985 431 1221 500 ἄρδεσκε,
1278 432 1677 500 διαλελαμμένος

87 510 370 578 πενταχοῦ,
400 513 500 560 τῶν
536 507 807 578 εἷρημένων
850 506 1044 561 τούτων
1089 509 1179 563 τὰς
1218 509 1407 579 χώρας,
1447 509 1529 562 διὰ
1566 511 1672 562 δια-

92 587 308 656 σφάγος
334 585 579 656 ἀγόμενος
605 588 822 652 ἑκάστης
849 588 1135 639 ἑκάστοισι.
1180 587 1291 640 ἐπεί
1316 608 1373 639 τε
1399 588 1454 639 δὲ
1482 588 1581 641 ὑπὸ
1608 588 1679 660 τῷ

92 664 280 733 Πέρσῃ
318 662 440 723 εἶσὶ,
478 663 765 717 πεπόνθασι
803 664 1018 717 τοιόνδε.
1102 665 1203 719 Τὰς
1242 666 1539 735 διασφάγας
1579 670 1722 719 rau

92 741 288 812 οὐρέων
313 740 540 810 ἐνδείμας
565 746 594 794 6
619 742 887 805 βασιλεὺς,
909 740 1131 797 πύλας’
1103 740 1183 796 επ’
1206 745 1395 809 εκάστῃ
1424 744 1679 811 διασφάγι

95 822 312 885 ἔστησε·
357 820 784 888 ἀποκεκληῒμένου
812 822 867 873 δὲ
895 824 986 873 τοῦ
1014 818 1197 877 ὕδατος
1224 824 1313 889 τῆς
1340 822 1589 887 διεξόδου,
1620 822 1678 873 τὸ

93 897 276 951 πεδιον
301 899 360 949 τὸ
388 897 529 951 ἐντὸς
555 902 656 951 τῶν
682 898 870 969 οὐρέων
896 898 1123 969 πέλαγος
1157 899 1368 970 γίνεται,
1399 899 1682 955 ἐνδιδόντος

96 977 193 1045 μὲν
218 980 310 1027 τοῦ
329 979 577 1043 ποταμοῦ,
602 977 809 1045 ἔχοντος
831 977 885 1029 δέ
913 976 1104 1044 οὐδαμῆ
1128 976 1390 1045 ἐξήλυσιν.
1431 976 1571 1030 οὗτοι
1592 976 1677 1037 ὦν,
1696 992 1721 1031 5

98 1052 154 1106 οἵ
169 1075 266 1124 περ
287 1052 578 1124 ἔμπροσθεν
597 1054 822 1108 ἐώθεσαν
841 1054 1069 1124 χρᾶσθαι
1096 1056 1167 1127 τῷ
1186 1053 1348 1114 ὕδατι,
1368 1055 1459 1108 οὐκ
1479 1057 1683 1124 ἔχοντες

100 1132 238 1204 αὐτῷ
272 1131 518 1201 χρᾶσθαι,
557 1132 805 1202 συμφορῇ
838 1134 1037 1203 μεγάλῃ
1074 1132 1423 1204 διαχρέωνται.
1467 1135 1557 1186 τὸν
1590 1133 1682 1201 μὲν
1699 1144 1725 1185 6

101 1212 204 1281 γὰρ
237 1214 462 1278 χειμῶνα
497 1207 574 1262 ὕει
612 1212 717 1279 σφι
753 1213 780 1261 6
809 1210 940 1276 θεὸς,
971 1211 1149 1281 ὥσπερ
1186 1213 1267 1264 καὶ
1301 1214 1441 1265 τοῖσι
1467 1211 1684 1264 ἄλλοισι

103 1287 439 1357 ἀνθρώποισι·
517 1291 609 1340 τοῦ
662 1289 718 1341 δὲ
771 1287 942 1359 θέρεος
998 1290 1293 1358 σπείροντες
1343 1290 1552 1358 μελίνην
1603 1289 1684 1341 καὶ

105 1363 362 1433 σήσαμον,
404 1360 712 1435 χρηΐσκοντο
749 1368 825 1439 τῷ
862 1364 1030 1420 ὕδατι.
1088 1367 1239 1420 ἐπεὰν
1279 1366 1348 1421 ὧν
1385 1367 1540 1435 μηδέν
1582 1366 1727 1434 σφιτ

103 1444 449 1514 παραδίδωται
475 1448 566 1496 τοῦ
593 1441 792 1505 ὕδατος,
825 1444 1063 1499 ἐλθόντες
1092 1445 1143 1499 ἐς
1168 1444 1287 1500 τοὺς
1310 1445 1519 1514 Πέρσας
1544 1444 1687 1496 αὐτοί

105 1544 162 1575 τε
191 1521 273 1573 καὶ
307 1524 555 1592 γυναῖκες,
587 1524 800 1577 στάντες
835 1522 960 1574 κατὰ
986 1523 1076 1577 τὰς
1113 1520 1267 1589 θύρας
1294 1526 1385 1575 τοῦ
1416 1522 1684 1587 βασιλέος,

105 1603 276 1665 βοῶσι
306 1600 600 1670 ὠρυόμενοι.
644 1604 672 1653 6
701 1601 756 1653 δὲ
783 1599 1037 1665 βασιλεὺς
1056 1603 1196 1652 τοῖσι
1218 1600 1504 1668 δεομένοισι
1524 1600 1729 1653 αὐτῶνθ

12 1698 19 1727 r
107 1680 338 1746 μάλιστα
377 1676 675 1731 ἐντέλλεται
721 1678 942 1750 ἀνοίγειν
980 1680 1071 1733 τὰς
1110 1676 1277 1733 πύλας
1315 1680 1405 1733 τὰς
1444 1677 1498 1733 ἐς
1537 1680 1689 1731 τοῦτο

109 1754 396 1825 φερούσας·
437 1755 590 1810 ἐπεὰν
623 1757 679 1809 δὲ
715 1757 948 1828 διάκορος
983 1755 1014 1823 ἡ
1049 1758 1115 1826 γῆ
1156 1756 1335 1825 σφέων
1368 1755 1571 1827 γένηται
1601 1755 1688 1808 πῖ-

112 1855 272 1887 νουσα
297 1836 357 1886 τὸ
384 1831 537 1905 ὕδωρ,
567 1833 712 1887 αὗται
737 1836 830 1902 μὲν
856 1836 907 1887 αἱ
933 1832 1093 1888 πύλαι
1121 1829 1502 1903 ἆποκληΐονῗαι,
1524 1835 1691 1889 ἄλλας

113 1912 158 1966 δ’
186 1912 482 1965 ἐντέλλεται
508 1913 728 1983 ἀνοίγειν
747 1912 962 1966 ἄλλοισι
981 1916 1121 1966 τοῖσι
1148 1914 1436 1983 δεομένοισι
1463 1914 1694 1981 μάλιστα

113 1996 214 2043 τῶν
239 1993 454 2044 λοιπῶν.
498 1992 656 2055 ὡςδὲ
683 1990 785 2063 ἐγὼ
813 1986 926 2044 οἶδα
952 1989 1193 2053 ἀκούσας,
1223 1990 1459 2063 χρήματα
1476 2056 1479 2059 ‚
1493 1989 1737 2062 μεγάλαὮ

114 2071 476 2139 πρησσόμενος
511 2068 720 2140 ἀνοίγει,
749 2069 914 2140 πάρεξ
949 2072 1041 2121 τοῦ
1078 2070 1265 2141 φόρου.
1308 2073 1469 2123 ταῦτα
1502 2071 1595 2138 μὲν
1632 2068 1693 2135 δὴ

115 2149 224 2217 ἔχει
251 2142 402 2199 οὕτω.

197 2227 308 2276 Τῶν
346 2219 401 2275 δε
441 2226 512 2293 τῷ
551 2224 717 2294 Μάγῳ
757 2220 1144 2275 ἐπαναστάντων
1182 2220 1309 2273 ἔπτὰ
1348 2220 1561 2291 ἀνδρῶν,
1604 2218 1691 2272 ἕνα
1720 2216 1830 2271 118

122 2300 286 2353 αὐτῶν
321 2300 644 2371 Ἰνταφέρνεα
683 2300 954 2363 κατέλαβε,
998 2302 1283 2371 ὑβρίσαντα
1321 2300 1457 2362 τάδε,
1497 2298 1689 2352 ἀποθα-

119 2383 224 2432 νεῖν
257 2380 432 2433 αὗτὶκα
466 2382 594 2448 μετὰ
628 2380 720 2448 τὴν
755 2380 1118 2434 ἐπανάστασιν.
1157 2378 1311 2445 ’ἤθελε
1351 2378 1401 2433 ἐς
1434 2378 1498 2431 τὰ
1531 2380 1687 2441 βασι·
1717 2382 1746 2424 2

12 2473 20 2515 f
119 2457 243 2525 λὴἶα
283 2456 514 2509 ἐσελθὼν
552 2454 973 2525 χρηματίσασθαι
1010 2455 1083 2527 τῷ
1116 2452 1355 2518 βασιλέϊ·
1402 2453 1482 2505 καὶ
1512 2452 1613 2523 γὰρ
1642 2448 1700 2519 δι)

125 2538 208 2589 καὶ
233 2538 261 2589 6
287 2537 441 2602 νόμος
467 2530 599 2586 οὕτω
627 2528 736 2601 εἶχε
763 2535 902 2586 τοῖσι
930 2532 1251 2586 ἐπαναστᾶσι
1278 2532 1349 2603 τῷ
1376 2532 1559 2603 Μάγῳ,
1583 2532 1704 2583 ἔσο-

127 2617 218 2669 δον
252 2609 382 2667 εἶναι
420 2612 559 2683 παρὰ
596 2610 825 2677 βασιλέα
863 2609 982 2664 ἄνευ
1022 2610 1272 2681 ἀγγέλου,
1302 2608 1361 2677 ἦν
1397 2610 1466 2678 μὴ
1510 2608 1707 2681 γυναικὶ

1854 2692 1967 2879 fl
