1975 2892
400 144 1113 198 MEAIIOMENH.--1v.
1150 145 1379 198 123-127.
1573 129 1687 182 363
1753 187 1758 191 ,

24 217 27 224 ’
89 218 164 257 οι.
187 215 247 256 66.
268 215 405 255 2-68.
424 214 482 262 2]

95 267 190 318 καὶ
216 264 424 325 τούτων,
453 266 650 335 ὑπῆγον
689 266 771 319 ἐπὶ
797 265 888 333 τὴν
915 266 1153 336 Νευρίδα.
1197 266 1597 337 ταρασσομένων
1629 267 1684 322 δέ

99 344 192 396 καὶ
237 341 445 404 τούτων,
493 347 655 412 ἤϊσαν
706 343 1090 414 ὑποφεύγοντες
1142 346 1191 396 οἱ
1234 344 1419 398 Σκύθαι
1473 344 1525 400 ἐς
1565 345 1685 400 τοὺς

93 419 476 491 Ἀγαθύρσους.
557 420 872 492 Ἀγάθυρσοι
913 422 967 474 δὲ
996 424 1226 491 ὁρέοντες
1265 424 1347 476 καὶ
1383 422 1502 478 τοὺς
1528 421 1679 491 ὁμού-
1708 433 1735 474 5

98 520 230 568 ρους
256 497 540 569 φεύγοντας
567 500 663 552 ὑπὸ
737 499 938 558 κυθέων,
961 501 1044 551 καὶ
1069 502 1484 571 τεταραγμένους,
1513 502 1635 571 πρὶν
1654 502 1689 568 ἥ

102 578 214 645 σφι
242 577 511 643 ἐμβαλέειν
542 577 658 631 τοὺς
687 575 895 637 Σκύθας,
924 576 1223 647 πέμψαντες
1255 577 1459 648 κήρυκα,
1490 580 1683 649 ἀπηγό-

99 675 260 725 ρευον
285 653 508 722 Σκύθῃσι
524 655 592 722 μὴ
611 655 888 718 ἐπιβαίνειν
906 661 1008 707 τῶν
1036 656 1305 725 σφετέρων
1330 659 1511 727 οὔρων·
1556 678 1683 726 προ-

99 731 362 802 λέγοντες,
387 734 454 787 ὧς
489 731 534 784 εἰ
573 731 900 803 πειρήσονται
942 733 1274 797 ἐσβαλόντες,
1312 735 1474 803 σφίσι
1510 739 1687 804 πρῶτα

103 807 532 878 διαμαχῆσόνται.
613 809 927 880 Ἀ;’,ἱθυρσοι
979 812 1074 878 μὲν
1125 813 1458 881 προείπαντες
1509 815 1683 872 ταῦτα,
1708 819 1733 860 6

103 886 358 954 ἐβοήθεον
397 889 480 941 ἐπὶ
515 888 633 943 τοὺς
673 893 870 959 οὔρους,
902 887 1095 958 ἐρύκειν
1130 890 1185 942 ἐν
1224 895 1293 963 νῷ
1328 892 1534 959 ἔχοντες
1569 889 1687 944 τούς

104 967 360 1021 ἐπιόντας.
445 968 832 1036 Μελάγχλαινοι
869 967 923 1019 δὲ
957 967 1038 1019 καὶ
1064 967 1409 1038 Ἀνδροφάγοι
1446 970 1528 1022 καὶ
1556 977 1686 1022 Neu·
1708 973 1731 1014 7

101 1044 210 1115 pol,
242 1044 574 1107 ἐσβαλόντων
603 1049 704 1096 τῶν
730 1044 976 1113 Περσέων
1002 1045 1104 1112 ἅμα
1144 1044 1385 1112 Σκύθῃσι,
1416 1049 1533 1099 οὔτε
1558 1047 1689 1116 πρὸς

105 1121 271 1188 ἀλκὴν
299 1123 593 1192 ἐτράποντο,
624 1122 982 1188 ἐπιλαθόμενοί
1010 1144 1066 1175 τε
1092 1125 1181 1190 τῆς
1208 1124 1438 1191 ἀπειλῆς,
1466 1125 1690 1195 ἔφευγον

105 1199 208 1252 atet
234 1201 294 1252 τὸ
320 1201 450 1270 πρὸς
483 1200 652 1269 βορέω
681 1201 733 1254 ἐς
758 1201 849 1268 τὴν
888 1200 1076 1270 ἐρῆμον
1113 1201 1491 1272 τεταραγμένοι·
1548 1203 1597 1254 οἱ
1634 1202 1688 1254 δὲ

105 1275 297 1330 Σκύθαι
325 1278 376 1333 ἐς
401 1278 494 1345 μὲν
518 1279 636 1332 τοὺς
661 1277 1016 1348 Ἀγαθύρσους
1042 1279 1209 1331 οὐκέτι
1236 1280 1542 1334 ἀπείπαντας
1568 1280 1687 1332 άπι-

108 1356 333 1408 κνέοντο·
379 1357 427 1408 οἱ
461 1356 515 1408 δὲ
543 1355 598 1407 ἐκ
638 1357 727 1422 τῆς
756 1357 1002 1426 Νευρίδος
1040 1358 1211 1427 χώρης
1238 1358 1289 1412 ἐς
1316 1357 1407 1424 τὴν
1434 1356 1692 1428 σφετέρην

108 1434 414 1503 κατηγέοντο
441 1436 580 1485 τοῖσι
607 1435 862 1504 Πέρσῃσι.

205 1510 299 1566 Ὠς
346 1511 401 1563 δὲ
454 1509 656 1563 πολλὸν
706 1515 858 1563 τοῦτο
918 1509 1131 1580 ἐγίνετο,
1185 1509 1266 1560 καὶ
1319 1509 1409 1560 οὒκ
1463 1509 1695 1572 ἐπαύετο,
1716 1511 1827 1564 126

108 1587 326 1657 πέμψας
379 1589 591 1656 Δαρεῖος
645 1587 799 1638 ἱππέα
849 1587 989 1654 παρὰ
1018 1583 1132 1637 ’τὸν
1184 1585 1414 1638 Σκυθέων
1464 1585 1690 1648 βασιλέα

107 1663 459 1733 Ἰδάνθυρσον,
483 1665 637 1733 ἔλεγε
663 1664 802 1716 τάδε·
848 1668 885 1690 “
906 1665 1145 1729 Δαιμόνιε
1170 1663 1383 1733 ἀνδρῶν,
1407 1664 1458 1716 τί
1484 1663 1693 1733 φεύγεις

110 1741 230 1802 αἰεὶ,
262 1743 378 1808 ἐξόν
403 1763 482 1794 τοι
510 1742 666 1794 τῶνδε
699 1742 761 1793 τὰ
790 1739 936 1811 ἔτερα
961 1741 1153 1794 ποιέειν
1176 1757 1189 1802 ;
1235 1741 1279 1793 εἶ
1304 1742 1397 1808 μὲν
1422 1742 1523 1813 γὰρ
1550 1741 1693 1807 ‹3526-
1713 1755 1735 1792 2

111 1842 269 1889 χρεος
286 1821 474 1874 δοκέεις
501 1815 624 1872 εἶναι
647 1825 856 1892 σεωυτῷ
875 1821 1015 1872 τοῖσι
1037 1819 1207 1885 ἐμοῖσι
1226 1818 1494 1890 πρήγμασι
1514 1819 1694 1872 ἀντιω-

114 1899 278 1966 θῆναι,
311 1898 379 1951 σύ
406 1899 463 1950 δὲ
491 1899 619 1951 στάς
648 1918 706 1949 τε
733 1899 813 1950 καὶ
839 1898 1164 1964 παυσάμενος
1194 1900 1390 1964 πλάνης
1414 1896 1694 1966 μάχεσθαι·

114 1977 160 2028 εἶ
189 1978 244 2029 δὲ
267 1977 642 2047 συγγινώσκεαι
671 1971 794 2028 εἶναι
821 1975 1021 2043 ἥσσων,
1046 1975 1115 2028 σὺ
1143 1977 1198 2029 δὲ
1226 1977 1306 2028 καὶ
1334 1973 1465 2028 οὕτω
1492 1977 1693 2029 παυσά-

115 2075 265 2121 μενος
296 2058 388 2107 τοῦ
425 2055 635 2122 δρόμου,
663 2055 888 2120 δεσπότῃ
926 2054 1000 2126 τῷ
1027 2057 1105 2126 σῷ
1144 2055 1281 2124 δῶρα
1313 2053 1488 2123 φέρων
1518 2055 1615 2124 γῆν
1640 2074 1698 2106 τε

117 2134 198 2184 καὶ
235 2129 388 2202 ὕδωρ,
419 2132 540 2184 ἐλθὲ
578 2131 632 2186 ἐς
662 2128 911 2202 λόγους.”
1154 2133 1294 2201 Πρὸς
1330 2135 1487 2183 ταῦτα
1514 2134 1542 2182 ὁ
1570 2130 1831 2190 {trev-'127

118 2209 248 2262 θέων
287 2209 540 2273 βασιλεὺς
580 2209 909 2279 Ἰδάνθυρσος
954 2210 1111 2279 ἔλεγε
1162 2209 1301 2260 τάδε·
1386 2213 1423 2234 “
1447 2205 1593 2260 Οὕτω
1640 2210 1699 2260 τὸ

117 2287 241 2353 ε’μὸν
267 2289 392 2356 ἔχει,
424 2286 463 2338 ὦ
491 2287 688 2356 Πέρσα·
734 2286 838 2357 ἐγὼ
874 2286 1055 2340 οὐδένα
1095 2307 1165 2338 κω
1204 2285 1482 2355 ἀνθρώπων
1523 2286 1699 2341 δείσας

119 2367 333 2435 ἔφυγον,
372 2367 490 2417 οὔτε
534 2369 801 2434 πρότερον,
840 2367 957 2416 οὔτε
1001 2366 1089 2417 νῦν
1133 2385 1199 2416 σε
1243 2362 1442 2434 φεύγω·
1487 2363 1605 2416 οὐδέ
1650 2385 1701 2416 τι

121 2445 362 2512 νεώτερόν
388 2442 488 2509 εἶμι
504 2441 726 2509 ποιήσας
753 2447 840 2495 νῦν
865 2440 894 2509 ἢ
924 2443 1005 2495 καὶ
1032 2442 1089 2495 ἐν
1108 2439 1275 2512 εῖρῆνῃ
1304 2440 1465 2494 ἐώθεα
1490 2442 1697 2494 ποιέειν.

122 2521 152 2573 ὅ
177 2541 226 2572 τι
253 2521 308 2573 δὲ
335 2521 426 2572 οὐκ
453 2520 631 2572 αὐτίκα
655 2520 886 2589 μάχομαί
911 2541 1010 2581 τοι,
1041 2519 1143 2590 ἐγὼ
1172 2521 1252 2573 καὶ
1272 2523 1422 2571 τοῦτο
1443 2520 1697 2587 σημανέω.
1720 2532 1745 2572 2

123 2598 240 2667 ἡμῖν
269 2601 388 2652 οὔτε
423 2598 601 2660 ἄστεα,
637 2601 754 2652 οὔτε
791 2600 860 2670 γῆ
885 2597 1241 2668 πεφυτευμένη
1282 2596 1417 2658 ἐστὶ,
1447 2602 1549 2651 τῶν
1585 2597 1703 2664 πέρι
