1975 2892
258 111 336 169 88
750 154 755 159 .
831 116 1236 164 ΗΡοΔοΤοΥ

1485 167 1872 215 mmmm—538.

261 230 505 303 προνοίης
541 230 709 285 ἐποίεε
742 231 882 284 τάδε·
925 231 1134 301 περιῖῶν
1169 230 1260 283 τὸν
1285 229 1406 296 νηὸν
1433 226 1620 300 κύκλῳ,
1650 227 1876 297 ἐξαίρεε

264 311 382 367 τοὺς
410 308 711 379 στρουθοὺς,
741 310 822 362 καὶ
854 311 992 361 ἄλλα
1019 308 1121 361 ὅσα
1147 306 1210 374 ἦν
1235 305 1608 374 νενοσσευμένα
1633 304 1876 375 ὀρνίθων

214 403 241 444 ⁶
266 389 411 461 Ιγένεα
453 388 507 440 ε’ν
550 391 620 460 τῷ
664 388 783 459 νηῷ.
832 386 1097 442 ποιέοντος
1136 387 1192 439 δὲ
1233 386 1389 438 αὐτοῦ
1428 388 1603 445 ταῦτα,
1641 382 1873 454 λέγεται

264 466 443 536 φωνὴν
469 466 525 519 ἐκ
549 469 642 519 τοῦ
668 464 857 519 ἀδύτου
889 464 1150 536 γενέσθαι,
1179 464 1450 533 φέρουσαν
1482 463 1576 531 μὲν
1604 463 1738 533 πρὸς
1761 463 1875 514 τὸν

219 560 245 601 ⁶
266 544 640 617 Ἀριστόδικον,
669 544 930 613 λέγουσαν
956 544 1014 597 δὲ
1039 543 1178 596 τάδε·
1226 542 1263 568 “
1283 540 1626 595 Ἀνοσιῶτατε
1651 539 1868 611 ἀνθρὼ-

267 646 395 684 πων,
432 622 485 676 τί
518 623 639 675 τάδε
674 623 869 690 τολμᾷς
902 622 1126 682 ποιέειν;
1169 620 1288 675 τοὺς
1328 620 1492 674 ἱκέτας
1525 639 1626 686 μου
1661 618 1718 671 ἐκ
1759 622 1872 671 τοῦ

217 711 244 755 Ἰ
268 706 389 770 νηοῦ
407 695 652 772 κεραΐζεις
668 718 683 760 3
697 696 731 718 ''
767 698 1124 769 Ἀριστόδικον
1143 699 1218 759 δὲ,
1241 699 1334 751 οὔκ
1353 696 1699 768 ἀπορήσαντα,
1723 698 1874 767 πρὸς

268 784 427 833 ταῦτα
462 778 638 831 εἰπεῖν·
685 778 721 803 “
734 772 805 829 Ὠ
829 775 967 843 11’ναξ,
997 777 1150 832 αὐτὸς
1183 777 1276 845 μὲν
1311 773 1444 829 οὕτω
1479 778 1619 828 τοῖσι
1655 774 1871 841 ἱκέτῃσι

268 856 519 923 βοηθέεις·
574 854 831 922 Κυμαίους
868 855 922 907 δὲ
960 853 1183 909 κελεύεις
1217 856 1306 907 τὸν
1341 853 1506 921 ἱκέτην
1538 853 1812 915 ἐκδιδόναις
1829 848 1870 872 ”

222 949 247 989 8
269 936 368 987 Τὸν
394 935 451 987 δὲ
476 931 617 988 αὖτις
652 932 977 1004 ἀμείψασθαι
1012 934 1210 986 τοῖσδε.
1257 936 1292 959 “
1314 934 1415 985 Ναὶ
1451 929 1660 991 κελεύω,
1688 928 1772 984 ἵνα
1793 953 1868 1002 γε

270 1010 625 1080 ἀσεβήσαντες
659 1011 863 1065 θᾶσσον
889 1010 1176 1077 ἀπόλησθε·
1219 1011 1288 1065 ὣς
1322 1010 1391 1079 μὴ
1427 1011 1487 1063 τὸ
1521 1011 1707 1063 λοιπὸν
1736 1010 1868 1081 περὶ

133 1091 249 1145 160
273 1091 474 1145 ἱκετέων
494 1090 729 1145 ἐκδόσιος
744 1090 933 1158 ἔλθητε
952 1090 1036 1143 ἐπὶ
1055 1090 1114 1142 τὸ
1130 1085 1508 1160 χρηστήριον.”
1685 1091 1866 1142 Ταῦτα

272 1170 341 1224 ὡς
360 1167 719 1237 ἀπενειχθέντα
738 1171 965 1236 ἤκουσαν
984 1169 1034 1220 οἱ
1061 1170 1297 1236 Κυμαῖοι,
1319 1167 1381 1220 οὗ
1407 1169 1719 1235 βουλόμενοι
1737 1168 1866 1219 οὔτε

273 1246 504 1302 ε’κδόντες
528 1246 835 1306 ἀπολέσθαι,
858 1248 975 1299 οὔτε
1001 1244 1120 1315 παρ’
1144 1247 1384 1298 ἑωυτοῖσι
1411 1246 1615 1314 ἔχοντες
1639 1246 1862 1316 πολιορ-

226 1336 251 1377 2
276 1324 499 1385 κέεσθαι,
522 1324 575 1379 ές
601 1323 897 1392 Μυτιλήνην
914 1324 1070 1377 αὐτὸν
1091 1324 1427 1392 ἐκπέμπουσι.
1470 1324 1521 1375 οἷ
1541 1324 1597 1377 δὲ
1625 1324 1861 1389 Μυτιλη-

275 1407 423 1463 ναῖοι,
466 1401 837 1471 ἐπιπέμποντος
876 1406 969 1455 τοῦ
1023 1403 1289 1472 Μαζάρεος
1327 1402 1572 1472 ἀγγελίας
1612 1401 1865 1454 ἐκδιδόναι

275 1484 365 1535 τὸν
407 1478 662 1548 Πακτύην,
698 1481 1138 1551 παρεσκευάζοντο
1175 1480 1260 1533 ἐπὶ
1298 1480 1472 1552 μισθῷ
1511 1479 1623 1551 ὅσῳ
1661 1478 1742 1546 δή·
1797 1479 1860 1531 οὔ

274 1560 377 1628 γὰρ
412 1560 517 1628 ἔχω
548 1562 701 1612 τοῦτό
733 1581 796 1630 γε
833 1558 993 1612 εἰπεῖν
1029 1558 1294 1628 ἀτρεκέως·
1343 1558 1404 1610 οὗ
1442 1559 1545 1628 γὰρ
1583 1556 1860 1624 ἐτελεώθη.

226 1650 251 1689 8
279 1641 494 1705 Κυμαῖοι
544 1637 665 1709 γὰρ,
714 1638 782 1692 ὣς
834 1636 1024 1705 ἔμαθον
1073 1639 1232 1689 ταῦτα
1272 1638 1611 1706 πρησσόμενα
1657 1634 1716 1689 ε’κ
1762 1640 1866 1688 τῶν

280 1716 653 1783 Μυτιληναίων,
674 1714 973 1785 πέμψαντες
997 1716 1184 1768 πλοῖον
1209 1712 1264 1769 ἔς
1289 1715 1514 1777 Λέσβον,
1537 1712 1867 1781 ἐκκομίζουσι

226 1806 253 1848 4
279 1791 515 1860 Πακτύην
534 1793 586 1847 ἐς
613 1792 755 1847 Χίον.
793 1792 1023 1846 ἐνθεῦτεν
1043 1793 1116 1852 δὲ,
1136 1791 1196 1858 ἐξ
1218 1794 1330 1863 ἱροῦ
1348 1791 1615 1859 Ἀθηναίης
1635 1790 1864 1844 Πολιού-

277 1892 379 1939 χου
414 1870 775 1925 ἀποσπασθεὶς
814 1870 913 1923 ὑπὸ
954 1870 1109 1932 Χίων,
1147 1870 1378 1937 ἐξεδόθη·
1431 1869 1680 1937 ἐξέδοσαν
1720 1870 1775 1923 δὲ
1818 1872 1868 1923 οἱ

278 1950 396 2001 Χῖοι
432 1947 517 2001 ε’πὶ
552 1954 623 2020 τῷ
647 1948 881 2018 Ἀταρνέι·
912 1949 1105 2021 μισθῷ·
1155 1952 1248 2003 τοῦ
1285 1949 1342 2002 δὲ
1376 1947 1646 2019 Ἀταρνέος
1680 1946 1868 2001 τούτου

228 2040 252 2080 6
279 2026 396 2078 ἔστι
430 2031 600 2096 χῶρος
626 2028 714 2093 τῆς
750 2026 971 2093 Μυσίης,
1004 2026 1214 2091 Λέσβου
1241 2027 1429 2081 ἀντίος.
1511 2024 1750 2093 Πακτύην
1773 2026 1870 2094 μέν

281 2125 369 2157 νυν
394 2104 795 2173 παραδεξάμενοι
821 2106 871 2157 οἱ
899 2106 1100 2176 Πέρσαι
1129 2101 1271 2175 εἶχον
1297 2105 1352 2158 ἐν
1377 2107 1605 2174 φυλακῇ,
1629 2103 1870 2161 θέλοντες

227 2196 253 2237 ⁶
283 2179 433 2255 Κύρῳ
474 2182 738 2249 ἀποδέξαι.
782 2181 844 2250 ἦν
876 2184 932 2237 δὲ
974 2185 1160 2252 χρόνος
1195 2182 1344 2239 οὗτος
1380 2184 1472 2235 οὐκ
1507 2183 1686 2252 ὀλίγος
1720 2186 1869 2253 γενό-

280 2283 447 2330 μενος,
486 2260 573 2315 ὅτε
612 2262 749 2315 Χίων
788 2261 954 2317 οὐδεὶς
993 2262 1052 2314 ἐκ
1091 2265 1184 2315 τοῦ
1217 2260 1487 2331 Ἀταρνέος
1525 2259 1710 2314 τούτου
1749 2264 1872 2313 οὔτε

282 2339 442 2394 οὐλὰς
492 2339 679 2409 κριθῶν
734 2342 994 2410 πρόχυσιν
1045 2338 1274 2393 ε’ποιέετο
1327 2340 1457 2393 θεῶν
1509 2340 1694 2399 οὐδενὶ,
1751 2342 1872 2391 οὔτε

282 2415 517 2482 πέμματα
540 2416 798 2471 ε’πέσσετο
819 2422 1015 2488 καρποῦ
1031 2422 1124 2471 τοῦ
1150 2417 1397 2477 ε’νθεῦτεν,
1415 2418 1660 2488 ἀπείχετό
1686 2438 1744 2470 τε
1767 2421 1872 2469 τῶν

282 2494 485 2546 πάντων
522 2496 643 2565 ἱρῶν
682 2497 745 2548 τὰ
778 2497 943 2550 πάντα
978 2495 1038 2548 ἐκ
1063 2498 1153 2563 τῆς
1187 2497 1359 2567 χώρης
1390 2494 1577 2563 ταύτης
1609 2497 1867 2566 γινόμενα.

140 2573 255 2629 161
283 2572 401 2623 Χῖοι
428 2571 521 2634 μέν
540 2593 628 2625 νυν
652 2570 891 2640 Πακτύην
914 2572 1183 2639 ε’ξέδοσαν.
1399 2576 1640 2645 Μαζάρης
1661 2574 1716 2627 δὲ
1744 2573 1872 2641 μετὰ
