1975 2892
261 111 338 164 44
835 115 1243 161 ΗΡΟΔΟΤΟΥ

1600 165 1845 214 maus.

263 231 492 298 Κροῖσον
516 227 573 280 δὲ
599 227 752 280 αὗτὸν
775 225 844 294 μὴ
867 226 1095 288 κτείνειν,
1116 228 1243 295 μηδὲ
1270 226 1329 295 ἣν
1350 230 1854 295 συλλαμβανόμενος

219 311 247 352 ⁵
265 306 524 374 ἀμύνηται.
566 308 725 357 ταῦτα
748 306 842 372 μὲν
867 306 1164 375 παραίνεσε.
1208 307 1300 360 τὰς
1326 306 1382 359 δὲ
1409 305 1665 374 καμήλους
1692 307 1853 371 ἔταξε

264 384 410 438 ἀντία
435 386 524 450 τῆς
549 381 725 448 ἵππου,
755 384 912 436 τῶνδε
947 381 1149 437 εἵνεκεν·
1216 385 1443 451 κάμηλον
1476 381 1629 438 ἵππος
1668 385 1848 453 φοβέ-

265 484 391 523 εται,
421 463 504 514 καὶ
531 462 620 513 οὐκ
647 461 879 530 ἀνέχεται
914 463 1034 514 οὔτε
1059 462 1151 529 τὴν
1175 462 1315 528 ἰδέην
1338 462 1492 529 αὐτῆς
1518 462 1693 526 ὁρέων,
1725 465 1853 514 οὔτε

265 541 358 608 τὴν
387 540 546 608 ὀδμὴν
571 541 1001 609 ὀσφραινόμενος.
1055 540 1211 592 αὐτοῦ
1248 540 1311 607 δὴ
1345 538 1415 591 ὧν
1438 538 1623 592 τούτου
1658 537 1855 592 εἵνεκεν

265 619 612 689 ἐσεσόφιστο,
637 615 720 670 ἵνα
745 622 818 690 τῷ
850 618 1060 690 Κροίσῳ
1087 617 1351 689 ἄχρηστον
1374 614 1408 686 ᾗ
1432 619 1492 671 τὸ
1520 619 1743 677 ἱππικὸν,
1772 619 1855 690 τῷ

223 700 248 740 ⁶
268 697 328 765 δή
369 720 420 751 τι
471 699 554 750 καὶ
592 693 766 764 ἐπεῖχε
803 694 1176 764 ἐλλάμψεσθαι
1216 698 1245 747 ὁ
1286 697 1469 750 Λυδός.
1550 697 1621 750 ὡς
1664 696 1721 748 δὲ
1763 697 1853 748 καὶ

269 775 524 844 συνῄεσαν
549 774 604 829 ἔς
633 773 725 841 τὴν
758 776 943 842 μάχην,
971 771 1189 827 ε’νθαῦτα
1224 775 1291 828 ὧς
1326 773 1594 843 ὅσφραντο
1622 774 1853 841 τάχιστα

267 859 368 906 τῶν
395 850 632 920 καμήλων
655 853 705 905 οἱ
732 849 896 911 ἵπποι,
927 852 1009 903 καὶ
1034 847 1169 904 εἶδον
1203 852 1374 911 αὐτὰς,
1403 850 1574 905 ὀπίσω
1601 851 1850 921 ἀνέστρε-

223 930 249 974 '1
271 932 392 1000 φον,
423 929 702 999 διέφθαρτό
734 951 792 982 τε
817 935 888 1003 τῷ
914 930 1127 1000 Κροίσῳ
1154 929 1185 996 ἡ
1212 929 1380 984 ε’λπίς.
1424 929 1485 982 οὗ
1509 929 1682 996 μέντοι
1708 925 1766 982 οἷ
1786 951 1853 1000 γε

270 1009 427 1062 Λυδοὶ
453 1010 512 1061 τὸ
538 1007 770 1060 ἐνθεῦτεν
789 1008 952 1060 δειλοὶ
972 1005 1122 1074 ἦσαν·
1168 1006 1306 1068 ἀλλ’,
1328 1009 1395 1062 ὦς
1414 1006 1601 1075 ἔμαθον
1618 1009 1679 1060 τὸ
1704 1010 1851 1078 γινό-

268 1108 438 1155 μενον,
454 1085 795 1156 ἀποθορόντες
819 1086 921 1139 ἀπὸ
947 1091 1050 1139 τῶν
1074 1082 1258 1145 ἵππων,
1275 1087 1419 1152 πεζοὶ
1438 1088 1579 1138 τοῖσι
1605 1085 1854 1156 Πέρσῃσι

225 1169 250 1208 8
273 1165 615 1227 συνέβαλλον.
688 1167 858 1236 χρόνῳ
887 1165 960 1226 δὲ,
989 1167 1256 1218 πεσόντων
1282 1163 1589 1234 ἀμφοτέρων
1612 1166 1850 1226 πολλῶν,

271 1242 550 1313 ἐτράποντο
590 1242 639 1294 οἱ
692 1242 868 1294 Λυδοί.
951 1242 1331 1308 κατειληθέντες
1368 1243 1425 1295 δὲ
1464 1241 1518 1296 ἐς
1554 1243 1616 1294 τὸ
1656 1244 1851 1312 τεῖχος,

272 1319 658 1388 ἐπολιορκέοντο
685 1319 784 1372 ὑπὸ
811 1325 912 1373 τῶν
937 1319 1202 1389 Περσέων.

179 1392 246 1447 81
346 1397 496 1449 Τοῖσι
547 1397 641 1462 μὲν
688 1395 748 1463 δὴ
801 1396 1105 1465 κατεστήκεε
1148 1397 1433 1466 πολιορκίη.
1517 1401 1743 1468 Κροῖσος
1792 1401 1851 1454 δὲ

273 1468 462 1521 δοκέων
500 1469 549 1520 οἱ
575 1471 764 1538 χρόνον
791 1469 876 1522 ε’πὶ
912 1472 1107 1538 μακρὸν
1144 1473 1360 1526 ἔσεσθαι
1398 1473 1491 1541 τὴν
1528 1476 1851 1545 πολιορκίην,

272 1547 465 1615 ἔπεμπε
491 1545 545 1598 ἐκ
570 1550 663 1600 τοῦ
689 1546 887 1615 τείχεος
925 1547 1120 1603 ἄλλους
1146 1550 1401 1620 ἀγγέλους
1434 1552 1489 1607 ἐς
1513 1554 1605 1607 τὰς
1645 1573 1851 1620 συμμα-

229 1636 255 1676 2
272 1624 409 1692 χίας.
453 1625 502 1677 οἱ
542 1625 634 1692 μὲν
673 1625 774 1695 γὰρ
819 1628 1069 1696 πρότερον
1120 1627 1477 1696 διεπέμποντο,
1526 1630 1579 1685 ἐς
1619 1631 1856 1698 πέμπτον

272 1704 405 1769 μῆνα
439 1702 769 1772 προερέοντες
806 1704 1161 1773 συλλέγεσθαι
1198 1706 1250 1760 ἐς
1290 1707 1490 1777 Σάρδις·
1546 1707 1760 1763 τούτους
1797 1709 1856 1762 δὲ

275 1779 525 1846 ἐξέπεμπε
551 1780 643 1847 τὴν
669 1780 920 1849 ταχίστην
947 1781 1155 1835 δέεσθαι
1180 1784 1431 1851 βοηθέειν,
1452 1787 1520 1840 ὧς
1545 1789 1853 1856 πολιορκεο-

177 1860 252 1912 82
271 1856 425 1922 μένου
445 1856 691 1926 Κροίσου.
848 1857 946 1916 Ἐς
971 1881 1029 1912 τε
1046 1861 1106 1928 δὴ
1128 1860 1198 1914 ὧν
1213 1863 1302 1917 τὰς
1318 1865 1484 1918 ἄλλας
1504 1865 1695 1932 ἔπεμπε
1716 1886 1853 1932 συμ-

271 1934 476 2002 μαχίος,
506 1935 588 1987 καὶ
615 1935 675 2002 δὴ
704 1938 785 1990 καὶ
812 1938 864 1993 ἐς
888 1939 1253 2007 Λακεδαίμονα.
1301 1943 1441 1994 τοῖσι
1463 1942 1621 1995 δὲκαὶ
1648 1943 1855 1996 αὐτοῖσι

273 2013 412 2063 τοῖσι
455 2011 800 2082 Σπαρτιήτῃσι
827 2015 932 2068 κατ’
964 2016 1120 2070 αὐτὸν
1148 2039 1331 2071 τουτον
1365 2021 1456 2073 τὸν
1480 2023 1669 2117 χρόνον
1699 2043 1857 2074 συνε-

271 2091 532 2142 πεπτώκεε
558 2090 662 2161 ἔρις
681 2092 858 2146 cova-t!
867 2096 997 2164 προς
1023 2094 1302 2165 Α’ργείους,
1324 2099 1443 2168 περὶ
1469 2101 1641 2168 χώρου
1668 2101 1856 2152 καλεο-

230 2166 425 2235 Βμένου
455 2169 666 2238 Θυρέης.
709 2172 800 2226 τὰς
824 2172 924 2242 γὰρ
953 2174 1147 2243 Θυρέας
1173 2172 1373 2236 ταύτας,
1405 2175 1590 2231 ἐούσας
1615 2179 1705 2244 τῆς
1730 2177 1855 2247 Ἀρ-

272 2247 484 2316 γολίδος
514 2246 711 2318 μοίρης,
749 2249 1123 2316 ἀποταμόμενοι
1162 2274 1325 2320 εσχον
1365 2255 1416 2305 οἷ
1447 2255 1849 2323 Λακεδαιμόνιοι.

272 2321 335 2388 ἦν
362 2324 416 2376 δε
454 2326 534 2378 καὶ
561 2323 591 2390 ἢ
617 2327 770 2395 μέχρι
806 2327 1079 2380 Μαλεῶν”
1054 2350 1085 2395 η
1112 2331 1239 2398 πρὸς
1270 2332 1495 2401 ἑσπέρην
1529 2329 1791 2403 Ἀργείων,
1819 2333 1858 2401 ἥ

274 2419 331 2451 τε
376 2401 430 2452 ἐν
477 2404 538 2468 τῇ
565 2400 754 2476 ἠπείρῳ
801 2405 962 2472 χώρη,
1013 2407 1095 2458 καὶ
1135 2405 1165 2472 ἦ
1206 2407 1431 2478 Κυθηρίη
1472 2412 1649 2476 νῆσος,
1679 2412 1761 2464 καὶ
1798 2414 1853 2464 αἱ

231 2477 454 2536 ελοιπαὶ
483 2484 583 2530 τῶν
621 2478 809 2547 νήσων.
851 2481 1223 2549 βοηθησάντων
1258 2487 1312 2538 δε
1344 2485 1591 2558 Ἀργείων
1621 2491 1682 2556 τῇ
1713 2490 1853 2557 σφε-

272 2549 393 2621 τέρῃ
429 2553 830 2626 ἀποταμνομένῃ,
860 2559 1075 2613 ἐνθαῦτα
1116 2563 1465 2629 συνέβησαν’
1438 2587 1490 2620 ες
1524 2568 1718 2636 λόγους
1754 2589 1855 2620 συ-
