1975 2892
114 209 232 258 6⁹0]
498 149 878 196 ΕΥΤΕΡΠΗ.
887 157 1032 195 —11.
1069 149 1184 196 118-
1195 163 1302 196 121.
1386 144 1391 149 ’
1583 143 1692 198 181

150 227 161 253 0

106 265 228 330 ἤτοι
256 262 457 315 ἑκόντος
482 281 544 330 γε
570 259 599 327 ἢ
629 259 836 314 ἄκοντος
855 259 1220 330 Ἀλεξάνδρου.
1261 261 1321 313 οὗ
1347 261 1448 336 γὰρ
1477 259 1536 327 δὴ
1566 282 1695 313 ουτω
1713 273 1738 314 2

105 361 177 411 γε
213 337 581 409 φρενοβλαβὴς
620 335 681 403 ἦν
716 341 744 389 ὁ
781 337 1030 408 Πρίαμος,
1063 339 1180 390 οὐδὲ
1218 339 1266 390 οἷ
1303 333 1459 390 ἄλλοι
1493 335 1696 408 προσή-

108 439 290 471 κοντες
316 417 468 488 αὐτῷ,
500 416 636 468 ὥστε
671 418 810 467 τοῖσι
848 416 1157 484 σφετέροισι
1194 417 1402 484 σώμασι
1438 418 1520 469 καὶ
1556 418 1696 468 τοῖσι

107 496 339 548 τέκνοισι
368 495 447 546 καὶ
473 493 535 560 τῇ
569 495 695 546 πόλι
732 491 1034 546 κινδυνεύειν
1061 491 1360 556 ἐβούλοντο,
1391 492 1519 548 ὅκως
1543 490 1696 546 Ἀλέ-

110 573 332 644 ξανδρος
355 571 537 638 Ἐλένῃ
574 571 829 638 συνοικέῃ.
886 569 931 623 εἴ
969 571 1028 623 δέ
1059 592 1139 624 τοι
1176 572 1257 623 καὶ
1294 569 1347 623 ἐν
1381 573 1520 624 τοῖσι
1555 573 1693 641 πρώ-
1713 577 1739 624 8

109 671 258 703 τοισι
294 652 530 720 χρόνοισι
566 653 725 702 ταῦτα
758 649 1056 720 ἐγίνωσκον·
1102 649 1211 702 ἐπεὶ
1247 649 1439 702 πολλοὶ
1473 649 1566 717 μὲν
1597 653 1698 702 τῶν

110 729 293 781 ἄλλων
318 729 519 798 Τρώων,
544 730 689 779 ὁκότε
718 728 1059 798 συμμίσγοιεν
1085 729 1223 780 τοῖσι
1243 725 1494 795 Ἕλλησι,
1518 725 1694 780 ἀπώλ-

109 810 293 865 λυντο,
321 807 477 858 αὐτοῦ
504 805 559 858 δὲ
588 806 821 874 Πριάμου
847 806 937 857 οὐκ
974 807 1088 858 ἔστι
1125 805 1212 858 ὅτε
1237 805 1298 858 οὗ
1325 803 1415 858 δῦο
1443 803 1637 876 ἢτρεῒς
1663 801 1694 874 ἢ

112 886 200 938 καὶ
236 885 309 936 ἔτι
344 883 555 938 πλείους
590 888 689 935 τῶν
722 883 933 945 παίδων,
960 885 1128 952 μάχης·
1165 884 1446 954 γινομένης,
1475 883 1692 950 ἀπέθνη-

113 983 266 1023 σκον,
311 958 357 1014 εἰ
400 959 501 1032 χρῆ
548 973 597 1013 τι
642 964 781 1013 τοῖσι
826 961 1121 1015 ἐποποιοῖσι
1165 964 1456 1032 χρεώμενον
1498 958 1692 1033 λέγειν·

110 1040 311 1094 τούτων
337 1040 392 1093 δὲ·
419 1037 661 1092 τοιούτων
688 1042 1090 1106 συμβαινόντων,
1121 1037 1220 1104 ἐγὼ
1254 1041 1346 1109 μὲν
1373 1042 1618 1108 ἔλπομαι,
1647 1037 1694 1093 εἷ
1711 1045 1739 1090 l

112 1120 199 1171 καὶ
226 1119 377 1172 αὐτὸς
404 1118 633 1187 Πρίαμος
660 1118 890 1170 συνοίκεε
915 1117 1116 1185 Ἑλένῃ,
1147 1118 1422 1171 ἀποδοῦναι
1449 1117 1510 1170 ἂν
1537 1117 1694 1185 αὐτὴν

111 1200 257 1250 τοῖσι
282 1195 558 1264 Ἀχαιοῖσι,
587 1195 851 1262 μέλλοντά
885 1211 946 1267 γε
982 1196 1044 1263 δὴ
1081 1198 1182 1249 τῶν
1215 1199 1506 1266 παρεόντων
1531 1201 1694 1249 κακῶν

112 1271 602 1344 ἀπαλλαγήσεσθαι.
658 1274 719 1325 οὗ
753 1273 845 1342 μὲν
880 1274 998 1326 οὐδὲ
1034 1273 1064 1340 ἧ
1090 1269 1340 1342 βασιληίη
1371 1276 1421 1331 ἐς
1444 1273 1688 1340 Ἀλέξαν·
1712 1275 1737 1326 6

112 1355 239 1423 δρον
266 1350 476 1421 περιῆἷε,
508 1352 643 1403 ὥστε
668 1350 907 1422 γέροντος
934 1355 1168 1422 Πριάμου
1197 1353 1384 1414 ἐόντος,
1415 1351 1491 1406 ἐπ’
1521 1352 1692 1424 ἐκείνῳ

111 1432 179 1484 τὰ
213 1428 485 1500 πρήγματα
520 1424 661 1481 εἶναι·
703 1429 841 1482 ἀλλὰ
859 1428 1079 1499 Ἕκτωρ,
1110 1430 1190 1481 καὶ
1225 1428 1576 1499 πρεσβύτερος
1611 1429 1693 1481 καὶ

113 1509 245 1577 ανὴρ
286 1508 473 1560 ἐκείνου
512 1510 714 1575 μᾶλλον
750 1508 861 1568 ἐὼν,
892 1509 1079 1575 ἔμελλε
1113 1506 1268 1573 αὐτὴν
1293 1509 1529 1577 Πριάμου
1563 1506 1690 1559 ἀπο·-
1735 1511 1741 1518 ’

112 1587 357 1645 ,θανόντος
382 1585 844 1655 παραλάμψεσθαι·
890 1587 979 1637 τὸν
1006 1585 1064 1636 οὗ
1091 1585 1319 1653 προσῆκε
1347 1579 1594 1637 ἀδικέοντι
1619 1585 1692 1658 τῷ

110 1665 357 1736 ἀδελφεῷ
386 1663 685 1734 ἐπιτρέπειν,
716 1665 797 1716 καὶ
823 1665 979 1715 ταῦτα
1005 1663 1242 1733 μεγάλων
1269 1667 1431 1716 κακῶν
1457 1656 1519 1715 δι’
1541 1661 1695 1716 αὐτὸν

114 1744 505 1810 συμβαινόντων
532 1741 631 1808 ἰδίῃ
660 1763 717 1794 τε
744 1741 825 1794 καὶ
860 1741 995 1814 αὐτῷ
1033 1740 1110 1793 καὶ
1148 1741 1285 1792 τοῖσι
1322 1739 1536 1793 ἄλλοισι
1561 1742 1693 1794 πᾶσι

110 1819 311 1890 Τρωσί.
392 1815 539 1872 Ἀλλ’
582 1821 643 1872 οὗ
684 1820 783 1890 γὰρ
828 1815 969 1888 εἶχον
1007 1818 1218 1886 Ἑλένην
1259 1817 1532 1872 ἀποδοῦναι
1575 1817 1693 1872 οὐδὲ

112 1899 336 1969 λέγουσι
378 1897 581 1950 αὐτοῖσι
622 1897 714 1966 τὴν
756 1893 1001 1965 ἆληθηΐην
1037 1897 1306 1951 ἐπίστευον
1340 1897 1390 1950 οἶ
1420 1895 1690 1965 Ἕλληνες·

117 1977 187 2030 ὣς
220 1976 315 2044 μὲν
350 1975 449 2044 ἐγῶ
484 1977 687 2046 γνώμην
722 1975 1086 2044 ἀποφαίνομαι,
1117 1975 1208 2028 τοῦ
1244 1975 1502 2044 δαιμονίου
1527 1998 1690 2047 παρα-

116 2054 468 2118 σκευάζοντος,
512 2053 641 2108 ὅκως
679 2053 1000 2124 πανωλεθρίῃ
1040 2053 1367 2121 ἀπολόμενοι,
1409 2053 1694 2122 καταφανὲς

116 2135 271 2184 τοῦτο
298 2133 437 2184 τοῖσι
464 2128 777 2202 ἆνθρώποισι
803 2129 1083 2198 ποιήσωσι,
1103 2132 1170 2186 ὧς
1195 2132 1295 2184 ’τῶν
1319 2133 1556 2202 μεγάλων
1582 2131 1690 2183 ἀδι-

116 2210 352 2276 κημάτων
376 2211 595 2279 μεγάλαι
631 2209 737 2262 εἶσὶ
772 2211 853 2262 καὶ
889 2211 939 2261 αἱ
974 2207 1208 2278 τιμωρίαι
1245 2209 1382 2279 παρὰ
1417 2211 1518 2262 τῶν
1546 2208 1690 2268 θεῶν,

116 2288 200 2340 καὶ
226 2285 384 2339 ταῦτα
408 2287 518 2355 μὲν,
542 2289 602 2354 τῇ
630 2287 741 2354 ἐμοὶ
768 2285 947 2346 δοκέει,
976 2283 1186 2356 εἴρηται.

197 2361 437 2431 Πρωτέος
473 2363 530 2414 δὲ
566 2363 869 2429 ἐκδέξασθαι
906 2363 999 2432 τὴν
1037 2359 1318 2433 βασιληίην
1351 2363 1686 2436 Ῥαμψίνιτον
1714 2363 1824 2418 121

118 2438 327 2510 ἔλεγον
370 2438 426 2495 ὃς
460 2443 758 2509 μνημόσυνα
792 2442 1003 2495 ἐλίπετο
1039 2443 1101 2496 τὰ
1140 2443 1432 2514 προπύλαια
1461 2444 1526 2497 τὰ
1559 2445 1688 2514 πρὸς

120 2517 345 2588 εσπέρην
378 2521 692 2590 τετραμμένα
726 2524 817 2572 τσῦ
850 2519 1212 2590 Ἡφαιστείου.
1263 2521 1462 2576 ἀντίους
1501 2521 1557 2575 δε
1589 2519 1737 2576 τῶνῗ

117 2595 451 2668 προπυλαίων
488 2599 689 2652 armo-e.
724 2597 1019 2668 ἀνδριάντας
1062 2597 1172 2660 δυο,
1216 2600 1388 2657 ἐόντας
1426 2621 1486 2653 το
1528 2601 1686 2671 μέγα·
