1975 2892
695 109 1072 156 ΚΛΕῙΩ.-·1.
1108 122 1275 169 10-14.
1724 109 1759 169 7

175 171 242 211 οι.
257 173 321 212 16.
342 171 401 221 1.]

178 231 274 282 οὐκ
298 230 560 292 ἐθέλοντα,
579 233 712 302 φέρε
727 234 934 285 ἀκούσω
953 230 1053 304 τέῳ
1074 233 1156 285 καὶ
1174 234 1349 336 τρόπῳ
1368 230 1766 303 ἐπιχειρήσομεν

177 307 355 381 αὐτωῖ
455 309 524 362 Ἦ
553 311 608 363 δὲ
636 310 980 375 ὑπολαβοῦσα
1006 312 1129 380 ἔφη
1225 309 1345 362 ’Ἐκ
1371 314 1463 364 τοῦ
1490 311 1645 364 αὐτοῦ
1670 311 1765 378 μὲν
1782 324 1809 366 8

175 386 375 457 χωρίου
399 386 432 455 ἦ
459 388 640 459 ὁρμὴ*
609 409 776 448 εσται,
799 387 918 442 ὅθεν
941 411 1043 459 περ
1062 387 1189 442 καῖ’
1164 391 1353 443 εκεῖνος
1373 387 1462 456 ἐμε
1450 388 1763 456 ἐπεδέξατο

173 465 392 535 γυμνὴν·
461 464 735 538 ὑπνωμένῳ
762 467 818 520 δὲ
851 466 881 534 ἦ
909 465 1232 536 ἐπιχείρησις
1264 468 1431 520 ἔσται.
1672 466 1763 524 Ὦς
1787 467 1859 522 12

175 542 233 596 δε
265 546 496 615 ἤρτυσαν
529 544 622 612 τὴν
655 543 957 613 ἐπιβουλὴν,
998 544 1177 600 νυκτὸς
1210 543 1498 616 γινομένης,
1538 540 1627 618 (ού
1660 548 1762 615 γὰρ

172 622 378 688 μετίετο
415 626 444 676 ὁ
480 621 661 694 Γύγης,
701 621 820 677 οὐδέ
855 625 906 676 οἱ
939 621 1005 690 ἦν
1038 623 1315 694 απαλλαγὴ
1356 623 1581 691 οὐδεμία,
1622 623 1763 677 ἀλλὰ

171 700 285 752 ἔδεε
311 699 342 768 ἢ
375 701 528 754 αὐτὸν
562 700 904 764 ἀπολωλέναι,
933 700 962 770 ἢ
1002 695 1347 772 Κανδαύλεα.)
1376 697 1547 754 εἵπετο
1584 700 1639 757 ἐς
1673 701 1764 755 τὸν

171 777 408 846 θάλαμον
431 781 495 847 τῇ
518 779 735 851 γυναικί.
798 780 882 832 καί
906 801 995 848 μιν
1018 778 1200 846 ἐκείνη,
1228 778 1541 850 ἐγχειρίδιον
1568 781 1758 838 δοῦσα,
1779 792 1805 833 ²

171 854 509 928 κατακρύπτει
535 858 634 911 ὑπὸ
661 857 752 925 τὴν
777 858 934 926 αὐτὴν
959 855 1135 927 θύρην.
1179 860 1260 912 καὶ
1284 859 1413 926 μετὰ
1439 862 1611 925 ταῦτα,
1636 859 1755 912 ἀνα·
1776 869 1802 909 8

168 934 460 1002 παυομένου
497 936 823 997 Κανδαύλεω,
851 935 1099 991 ὗπεισδύς
1130 958 1189 990 τε
1224 937 1306 989 καὶ
1342 936 1640 993 ἀποκτείνας
1665 938 1779 991 αὗ-’

167 1015 279 1075 τὸν,
304 1015 433 1082 ἔσχε
457 1015 540 1066 καὶ
565 1014 658 1082 τὴν
683 1017 894 1082 γυναῖκα
920 1015 1004 1068 καὶ
1023 1014 1115 1082 τὴν
1138 1009 1421 1082 βασιληίην
1440 1012 1621 1086 Γύγης·
1665 1019 1759 1070 τοῦ

167 1092 256 1144 καὶ
293 1089 608 1162 Ἀρχίλοχος
634 1095 664 1146 ὁ
691 1093 902 1164 Πάριος,
932 1093 1060 1146 κατὰ
1094 1095 1183 1147 τὸν
1209 1093 1363 1147 αὐτὸν
1386 1097 1575 1164 χρόνον
1608 1096 1755 1165 γενό-

165 1191 336 1238 μενος,
375 1169 434 1223 ἐν
471 1170 641 1244 ἰάμβῳ
680 1170 930 1244 τριμέτρῳ
971 1169 1287 1240 ἐπεμνήσθη.
1490 1170 1665 1240 'Eo-xe
1700 1172 1757 1226 δὲ
1782 1176 1853 1232 13

165 1247 263 1315 τὴν
311 1245 610 1316 βασιληίην,
660 1250 742 1302 καὶ
788 1248 1085 1320 ἐκρατύνθη,
1130 1249 1187 1303 ἐκ
1238 1253 1331 1304 τοῦ
1383 1249 1440 1304 ἐν
1492 1251 1756 1320 Δελφοῖσι

163 1327 507 1396 χρηστηρίου.
571 1327 640 1382 ὧς
678 1328 780 1398 γὰρ
807 1327 872 1396 δὴ
905 1329 956 1382 οἱ
998 1329 1156 1382 Λυδοὶ
1196 1329 1359 1382 δεινὸν
1390 1328 1654 1382 ἐποιεῦντο
1694 1329 1753 1382 τὸ
1771 1343 1797 1384 2

165 1403 478 1457 Κανδαύλεω
522 1404 704 1469 πάθος,
749 1405 831 1458 καὶ
885 1404 941 1459 ἐν
987 1405 1203 1460 ὅπλοισι
1255 1404 1407 1472 ἦσαν,
1458 1405 1755 1472 συνέβησαν

163 1481 220 1537 ἐς
261 1483 428 1536 τώυτὸ
473 1481 528 1536 οἵ
567 1505 625 1536 τε
667 1487 760 1536 τοῦ
806 1482 980 1554 Γύγεω
1032 1490 1319 1538 στασιῶται
1364 1485 1447 1537 καὶ
1486 1485 1537 1536 οἱ
1578 1485 1754 1537 λοιποὶ

165 1560 345 1622 Λυδοὶ,
380 1559 442 1628 ἢν
479 1561 573 1629 μὲν
612 1560 674 1629 δὴ
715 1563 777 1615 τὸ
830 1560 1149 1632 χρηστήριον
1200 1561 1356 1628 ἀνέλῃ
1397 1582 1487 1629 μιν
1524 1560 1753 1625 βασιλέα

166 1634 296 1691 εἶναι
337 1640 530 1699 Λυδῶν,
572 1641 720 1692 τόνδε
757 1638 1081 1704 βασιλεύειν·
1150 1638 1211 1707 ἢν
1250 1639 1307 1692 δέ
1345 1639 1433 1707 μὴ,
1476 1639 1752 1693 ἀποδοῦναι

163 1716 338 1769 ὀπίσω
365 1716 420 1772 ἐς
450 1717 789 1788 Ἡρακλείδας
814 1718 907 1786 τὴν
933 1716 1113 1788 ἀρχήν.
1156 1716 1325 1771 ἀνεῖλέ
1360 1739 1416 1770 τε
1443 1717 1504 1786 δὴ
1530 1718 1591 1770 τὸ
1620 1739 1748 1789 χρη·
1765 1742 1790 1782 ⁸

165 1794 399 1866 στῆριον,
437 1797 518 1849 καὶ
555 1793 901 1861 ἐβασίλευσεν
927 1794 1061 1849 οὕτω
1096 1794 1278 1867 Γύγης.
1321 1797 1538 1850 τοσόνδε
1578 1795 1751 1864 μέντοι
1765 1816 1791 1858 4

165 1869 278 1926 εἶπε
305 1872 334 1940 ἦ
363 1875 547 1942 Πυθίη,
578 1875 646 1929 ὧς
681 1873 1053 1946 Ἡρακλείδῃσι
1091 1875 1229 1930 τίσις
1258 1874 1370 1943 ἥξει
1403 1874 1457 1930 ἐς
1488 1877 1581 1929 τὸν
1617 1874 1747 1944 πέμ-

162 1973 297 2006 πτον
315 1951 570 2024 ἀπόγονον
589 1950 781 2024 Γύγεω.
824 1950 1011 2006 τούτου
1037 1956 1129 2006 τοῦ
1156 1953 1306 2008 ἔπεος
1334 1954 1494 2008 Λυδοί
1510 1976 1567 2007 τε
1588 1954 1670 2006 καὶ
1698 1955 1748 2006 οἱ
1764 1972 1791 2014 5

162 2030 412 2095 βασιλέες
453 2032 618 2086 αὐτῶν
648 2034 810 2104 λόγον
841 2030 1025 2086 οῦδένα
1064 2031 1344 2094 ἐποιεῦντο,
1379 2034 1501 2104 πρὶν
1534 2032 1595 2100 δὴ
1629 2032 1747 2085 ε’πε-

164 2107 408 2176 τελέσθη.

258 2183 360 2246 Τὴν
403 2183 496 2252 μὲν
541 2182 602 2251 δὴ
643 2182 910 2253 τυραννίδα
955 2181 1089 2237 οὕτω
1137 2182 1299 2250 ἔσχον
1344 2184 1393 2235 οἱ
1436 2184 1746 2249 Μερμνάδαι,
1778 2188 1855 2242 14

161 2263 284 2319 τοὺς
321 2262 660 2334 ’Ἡρακλείδας
699 2263 1026 2330 ἀπελόμενοι.
1110 2258 1273 2330 Γύγης
1314 2260 1370 2313 δὲ
1409 2258 1750 2330 τυραννεύσας
1766 2273 1792 2313 2

163 2343 442 2410 ἀπέπεμψε
467 2340 761 2408 ἀναθήματα
788 2341 839 2395 ἐς
867 2339 1113 2408 Δελφοὺς
1138 2338 1230 2390 οὐκ
1257 2338 1429 2407 ὀλίγα.
1498 2337 1617 2390 ἀλλ’
1647 2337 1748 2390 ὅσα
1765 2355 1790 2395 3

161 2420 257 2489 μὲν
288 2418 514 2490 ἀργύρου
548 2417 905 2486 ἀναθήματα
875 2438 990 2469 εστι
1028 2417 1078 2468 οἱ
1111 2417 1338 2468 πλεῖστα
1372 2415 1427 2466 ἐν
1462 2416 1744 2484 Δελφοῖσι·

161 2499 328 2570 πάρεξ
359 2499 418 2551 δὲ
443 2501 536 2551 τοῦ
568 2495 811 2567 ἀργύρου,
841 2496 1044 2564 χρυσὸν
1076 2493 1299 2544 ἄπλετον
1324 2491 1561 2558 ἀνέθηκεν
1586 2491 1750 2542 ἰθιλον

162 2598 222 2630 τε
249 2577 349 2638 καὶ,
376 2580 471 2629 τοῦ
501 2576 731 2644 μάλιστα
765 2570 962 2641 μνήμην
996 2570 1206 2636 detor*
1176 2588 1313 2637 εχειν
1346 2569 1479 2629 ἐστι,
1510 2566 1750 2633 κρητῆρές
