1975 2892
276 126 350 183 52
852 130 1260 178 ΗΡοΔοτογ

1606 188 1677 235 [A.
1697 188 1851 231 (2546.

275 243 619 315 ἀποφαινέτω.
688 238 732 315 ᾧ
783 242 865 295 καὶ
914 242 975 294 τὸ
1028 241 1321 295 τελευταῖον
1370 240 1858 309 χρηστηριαζομένῳ

276 319 384 376 εἶπε
409 323 472 375 τὰ
499 315 609 375 εἷπε
636 320 822 387 Λοξίης
840 320 957 389 περὶ
982 318 1210 386 ἡμιόνου·
1253 318 1371 371 οὑδὲ
1390 321 1543 373 τοῦτο
1571 318 1855 379 συνέλαβε.

234 398 335 467 οὖν
371 401 473 471 γὰρ
513 398 575 466 δὴ
616 401 645 453 6
682 401 849 467 Κῦρος
882 396 1034 451 οὗτος
1071 394 1294 463 ἡμίονος·
1351 393 1407 447 ἐκ
1446 395 1546 465 γὰρ
1581 394 1725 447 δυοῖν
1762 394 1860 445 οὐκ

276 477 555 547 ὁμοεθνέων
587 475 837 572 ε’γεγόνεε,
870 476 1060 544 μητρὸς
1099 473 1376 540 ἀμείνονος,
1403 473 1597 541 πατρὸς
1633 472 1688 524 δε
1724 472 1856 523 ὑπο-

233 568 259 611 7
276 554 565 625 δεεστέρου.
608 553 639 621 ἦ
666 574 758 621 μεν
789 554 889 623 γὰρ
924 549 986 617 ἦν
1013 552 1194 617 Μηδὶς,
1224 551 1306 603 καὶ
1343 548 1658 618 Ἀστυάγεος
1693 547 1856 618 θνγά·

276 654 369 705 τηρ
395 636 487 686 τοῦ
515 630 705 699 Μήδων
739 628 1008 694 βασιλέος·
1054 632 1083 681 6
1111 628 1185 687 δὲ,
1216 627 1424 695 Πέρσης
1458 648 1515 679 τε
1541 624 1620 692 ἦν,
1650 626 1732 677 καὶ
1760 626 1858 694 ἀρ-

276 713 491 779 χόμενος
522 708 605 762 ὑπ’
638 707 897 761 ἐκείνοισι·
942 705 1025 759 καὶ
1061 704 1290 776 ‘nepot'
1267 707 1364 759 εὼν
1389 706 1529 760 τοῖσι
1555 705 1739 764 ἅπασι,
1769 703 1859 755 δε-

232 801 259 842 8
279 788 463 853 σποίνῃ
490 789 551 854 τῇ
579 787 769 845 ἑωυτοῦ
796 784 1044 840 συνοίκεε.
1050 780 1085 804 ”
1166 786 1335 836 Ταῦτα
1358 783 1452 851 μὲν
1475 781 1506 849 ἦ
1534 780 1755 848 Πυθίη“
1729 802 1858 833 υπε-

276 864 479 934 κρίνατο
518 864 659 916 τοῖσι
696 864 930 915 Λυδοῖσι·
980 862 1034 914 01
1065 862 1122 915 δὲ
1155 858 1413 927 ἀνήνεικαν
1449 859 1506 915 ἐς
1540 859 1744 929 Σάρδις,
1773 858 1862 910 καὶ

278 939 592 1011 ἀπήγγειλαν
616 942 689 1015 τῷ
714 940 943 1012 Κροίσῳ.
988 942 1018 993 6
1044 940 1101 993 δε
1133 936 1378 999 ἄκουσας,
1407 937 1634 1007 συνέγνω
1661 938 1860 991 εωυτοῦ

275 1014 401 1071 εἶναι
446 1017 537 1085 τὴν
576 1018 855 1088 ἁμαρτάδα,
898 1018 980 1071 καὶ
1019 1017 1080 1069 οὗ
1119 1019 1210 1069 τοῦ
1251 1014 1390 1069 θεοῦ.
1473 1015 1614 1072 Κατὰ
1657 1036 1753 1082 μεν
1791 1012 1859 1080 δὴ

275 1095 368 1163 τὴν
406 1094 636 1165 Κροίσου
676 1117 733 1148 τε
753 1094 954 1192 1νιίρχὴν,
984 1095 1068 1149 καὶ
1105 1092 1296 1161 Ἰωνίης
1333 1092 1426 1161 τὴν
1457 1095 1663 1163 πρώτην
1696 1111 1858 1145 κατα-

278 1172 533 1241 στροφὴν,
561 1173 691 1241 ἔσχε
716 1169 867 1225 οὕτω.

180 1241 258 1296 92
362 1246 571 1315 Κροίσῳ
617 1246 675 1298 δὲ
716 1248 831 1298 εστι
872 1248 953 1299 και
1000 1247 1139 1303 ἄλλα
1183 1244 1476 1339 dvo-thuzra
1522 1246 1576 1299 ἐν
1619 1248 1681 1312 τῇ
1722 1242 1852 1299 Ἐλ-

277 1314 398 1369 λάδι
422 1316 617 1378 πολλὰ,
648 1316 729 1371 καὶ
754 1319 816 1371 οὗ
840 1322 905 1371 τὰ
935 1317 1168 1389 εῖρημένα
1191 1323 1371 1387 μοῦνα.
1413 1319 1471 1373 ἐν
1503 1342 1596 1388 μεν
1619 1320 1720 1389 γὰρ
1749 1319 1860 1387 Θή-

276 1394 409 1459 βῃσι
448 1395 570 1461 τῇσι
609 1400 843 1449 Βοιωτῶν
878 1397 1089 1467 τρίπους
1129 1393 1372 1467 χρύσεος,
1407 1400 1496 1451 τὸν
1535 1397 1745 1463 ἀνέθηκε
1782 1400 1864 1471 τῷ

276 1466 569 1524 Ἀπόλλωνι
594 1476 667 1545 τῷ
690 1470 951 1545 Ἰσμηνίῳ·
1007 1496 1064 1526 εν
1105 1475 1161 1527 δε
1190 1474 1424 1547 Εφέσφ,
1453 1473 1510 1529 αἵ
1542 1496 1600 1527 τε
1637 1478 1762 1539 βόες
1801 1478 1858 1528 αἶ

276 1546 515 1617 χρύσεαι,
540 1551 621 1603 καὶ
646 1555 747 1603 τῶν
772 1552 951 1605 κιόνων
974 1552 1028 1603 αἱ
1052 1552 1267 1605 πολλαί·
1310 1551 1368 1604 έν
1395 1554 1450 1607 δὲ
1478 1548 1731 1651 Προνηίης
1761 1555 1857 1619 τῆς

233 1636 259 1677 2
279 1622 331 1677 ἒν
351 1628 632 1695 Δελφοῖσι,
651 1628 809 1681 ἀσπὶς
826 1628 1026 1697 χρυσέη
1045 1631 1263 1699 μεγάλη.
1292 1632 1450 1683 ταῦτα
1474 1630 1568 1698 μὲν
1587 1631 1669 1683 καὶ
1695 1632 1773 1682 ἔτι
1798 1628 1856 1685 ἔς

274 1698 363 1769 ε’μὲ
384 1700 446 1769 ἦν
468 1706 752 1775 περιεόντα·
794 1705 859 1758 τὰ
884 1704 929 1757 δ’
956 1703 1259 1771 ἐξαπόλωλε
1283 1707 1349 1761 τὰ
1373 1712 1474 1761 τῶν
1499 1706 1850 1774 ἀναθημάτων.

274 1780 338 1830 τὰ
366 1778 409 1833 δ’
438 1780 493 1833 ἒν
513 1784 833 1852 Βραγχίδῃσι
858 1788 979 1850 τῇσι
1007 1783 1282 1850 Μιλησίων
1300 1783 1591 1852 ἀναθήματα
1619 1786 1850 1858 Κροίσῳ,

274 1856 341 1908 ὣς
369 1856 468 1926 ἐγὼ
509 1857 891 1927 πυνθάνομαι,”
869 1880 961 1913 ισα
986 1881 1044 1913 τε
1079 1861 1310 1929 σταθμὸν
1333 1863 1416 1915 καὶ
1448 1865 1596 1929 ὅμοια
1620 1883 1761 1916 τοισι
1795 1863 1854 1916 ἐν

231 1936 258 1977 ⁸
274 1933 556 2000 Δελφοῖσι.
597 1935 663 1987 τὰ
686 1935 779 2002 μέν
795 1958 883 1991 νυν
908 1938 960 1993 ἔς
985 1959 1045 1990 τε
1063 1938 1305 2008 Δελφοὺς
1332 1940 1413 1993 καὶ
1441 1940 1492 1994 ἐς
1512 1942 1604 1993 τοῦ
1621 1938 1850 2009 Ἀμφιά-

270 2029 371 2079 ρεω
412 2009 637 2078 ἀνέθηκε,
671 2011 835 2080 οἶκῆἳά
873 2036 930 2067 τε
969 2014 1136 2077 ε’όντα,
1180 2018 1262 2069 καὶ
1299 2022 1402 2069 τῶν
1439 2015 1688 2090 πατρῴων
1716 2040 1851 2087 χρη-

270 2088 443 2155 μάτων
492 2087 744 2159 ἀπαρχήν·
803 2092 869 2145 τὰ
918 2092 975 2145 δὲ
1028 2094 1167 2145 ἄλλα
1218 2092 1510 2161 ἀναθήματα
1561 2095 1620 2161 ἐξ
1665 2095 1856 2193 ἀνδρὸς

269 2162 473 2235 ἐγένετο
511 2166 691 2235 οὐσίης
725 2166 937 2239 εχθροῦ,
966 2169 1024 2224 ὅς
1059 2172 1126 2231 οἱ,
1163 2172 1284 2241 πριν
1318 2170 1347 2239 ἢ
1383 2174 1722 2236 βασιλεῦσαι,
1757 2175 1850 2226 άν-

267 2246 613 2312 τιστασιῶτης
640 2244 961 2313 κατεστήκεε,
994 2247 1302 2301 συσπεύδων
1327 2248 1674 2306 Πανταλέοντι
1699 2250 1852 2319 γενέ-

227 2328 253 2368 4
272 2321 394 2373 σθαι
419 2322 511 2389 τὴν
536 2323 768 2375 Λυδῶν’
738 2344 920 2395 αρχην.
965 2327 994 2377 6
1031 2325 1086 2377 δε
1118 2324 1424 2379 Πανταλέων
1457 2324 1520 2393 ἦν
1553 2326 1852 2381 Ἀλυάττεω

270 2417 359 2456 μεν
384 2401 517 2457 παῖς,
548 2400 777 2467 Κροίσου
816 2402 871 2453 δε
898 2400 1170 2469 ἀδελφεὸς
1189 2402 1280 2455 οὐκ
1319 2402 1644 2473 ὁμομήτριος.
1689 2410 1849 2475 Κροῖ-

271 2491 365 2524 σος
389 2494 482 2537 μεν
505 2477 605 2545 γὰρ
631 2474 688 2527 ἐκ
717 2477 931 2557 Καείρης
960 2498 1022 2543 ην
1059 2482 1293 2547 γυναικὸς
1322 2478 1596 2547 Ἀλυάττῃ·
1641 2490 1849 2535 Παντα-

228 2545 401 2598 ὃλέων
442 2548 516 2608 δε,
564 2549 625 2615 ἐξ
667 2550 850 2607 Ἰάδος.
900 2551 1015 2605 ε’πεί
1055 2576 1112 2611 τε
1155 2557 1228 2617 δε,
1279 2558 1457 2613 δόντος
1501 2561 1593 2612 τοῦ
1633 2562 1850 2630 πατρὸς,

863 2740 1021 2832 2„

1949 1156 1964 1617 ι
