1975 2892
16 190 25 197 .
517 158 1003 208 GAAEIA.-111.
1035 158 1207 222 89-94·
1542 148 1661 212 273

41 226 120 265 01.
149 223 212 265 64.
233 222 292 271 4.]
895 229 904 235 ·

46 274 476 340 κατοικημένοισι
504 274 920 343 καταμετρέουσι,
951 273 1033 326 καὶ
1059 274 1199 325 τοῖσι
1226 271 1421 328 τούτων
1449 275 1651 330 ἐπικού-

46 371 236 425 ροισι.
273 350 424 419 νομὸς
451 349 594 405 ἕκτος
620 349 788 405 οὗτος.
832 348 1146 421 Σατταγύδαι
1174 352 1248 411 δὲ,
1267 352 1347 404 καὶ
1366 355 1648 425 Γανδάριοι,
1670 368 1695 408 6

50 431 151 484 καὶ
183 428 395 481 Δαδίκαι
421 449 476 481 τε
504 429 586 481 καὶ
609 426 908 498 Ἀπαρύται,
939 429 993 483 ἐς
1026 428 1190 481 τῶυτὸ
1215 432 1529 500 τεταγμένοι,
1560 436 1650 496 ἑβ-

52 505 356 576 δομήκοντα
383 507 464 559 καὶ
487 508 664 559 ἑκατὸν
689 508 913 559 τάλαντα
938 506 1289 577 προσέφερον·
1328 510 1479 575 νομὸς
1506 508 1655 565 οὗτος

55 587 311 653 ἕβδομος.
350 584 450 637 άπὸ
468 581 678 637 Σούσων
705 584 778 645 δὲ,
799 585 880 637 καὶ
907 586 995 651 τῆς
1021 584 1185 651 ἄλλης
1206 586 1439 637 Κισσίων
1462 590 1650 657 χώρης,
1670 601 1694 639 6

55 666 358 736 τριηκόσια·
403 664 554 731 νομὸς
589 661 772 734 ὄγδοος
807 661 974 717 οὗτος.
1182 661 1313 716 Ἀπὸ
1350 666 1655 731 Βαβυλῷνος
1672 668 1747 721 92

57 744 146 803 δέ,
173 742 256 795 καὶ
282 742 371 808 τῆς
395 742 581 809 λοιπῆς
606 739 907 811 Ἀσσυρίης,
936 740 1085 809 χίλιά
1112 744 1161 794 01
1187 738 1408 811 προσήἲε
1434 744 1657 797 τάλαντα

60 819 336 892 ἀργυρίου,
358 819 438 871 καὶ
457 820 634 874 παῖδες
661 818 885 886 ἐκτομίαι
904 825 1249 872 πεντακόσιοι·
1286 821 1438 887 νομὸς
1465 818 1657 876 εἴνατος

63 898 240 953 οὗτος.
321 896 452 951 Ἀπὸ
491 898 546 950 δὲ
572 894 905 967 Ἀγβατάνων
945 898 1030 950 καὶ
1068 900 1158 965 τῆς
1195 900 1381 965 λοιπῆς
1408 901 1695 967 Μηδικῆς,2

65 978 157 1030 καὶ
198 974 534 1047 Παρικανίων,
575 975 657 1027 καὶ
689 972 1215 1045 Ὀρθοκορυβαντίων,
1253 974 1563 1043 πεντήκοντά
1601 999 1657 1030 τε

67 1056 158 1107 καὶ
185 1055 490 1125 τετρακόσια
515 1054 756 1105 τάλαντα·
801 1054 954 1121 νομὸς
980 1053 1187 1108 δέκατος
1213 1052 1379 1108 οὗτος.
1431 1057 1696 1109 Κάσπιοιδ

69 1134 131 1186 δὲ
161 1132 243 1185 καὶ
270 1130 546 1191 Παυσίκαι,
577 1130 896 1199 Παντίμαθοί
929 1152 986 1183 τε
1022 1132 1103 1185 καὶ
1132 1134 1387 1201 Δαρεῖται,
1416 1133 1471 1187 ἐς
1495 1134 1658 1186 τῶυτὸ

73 1210 451 1281 συμφέροντες,
481 1210 716 1277 διηκόσια
741 1210 967 1262 τάλαντα
1004 1208 1297 1280 ἀπαγίνεον.
1338 1212 1491 1279 νομὸς
1519 1211 1658 1264 ε’νδέ-
1718 1210 1723 1217 ’

73 1310 230 1344 κατος
283 1287 451 1342 οὗτος.
559 1283 688 1340 Ἀπὸ
743 1293 1061 1358 Βακτριανῶν
1113 1284 1176 1341 δὲ’
1227 1288 1381 1358 μέχρι
1435 1288 1657 1361 Αἷγλῶν,
1674 1303 1701 1343 4

75 1366 326 1435 ἑξήκοντα
360 1365 442 1418 καὶ
477 1367 744 1436 τριηκόσια
778 1367 1004 1418 τάλαντα
1039 1366 1203 1436 φόρος
1228 1363 1309 1433 ἦν.
1354 1368 1504 1434 νομὸς
1530 1367 1659 1419 δυω-

75 1446 289 1500 δέκατος
315 1443 482 1498 οὗτος.
683 1442 814 1496 Ἀπὸ
841 1446 1127 1512 Πακτυῖκῆς
1154 1444 1228 1503 δὲ,
1259 1444 1341 1495 καὶ
1364 1443 1657 1514 Ἀρμενίων,
1678 1436 1775 1498 93’

76 1524 164 1579 καὶ
210 1528 312 1576 τῶν
354 1522 656 1592 προσεχέων
694 1521 848 1591 μέχρι
893 1524 984 1573 τοῦ
1030 1524 1220 1575 πόντου
1265 1524 1357 1574 τοῦ
1398 1522 1659 1589 Εὐξείνου,

76 1603 388 1672 τετρακόσια
424 1602 665 1654 τάλαντα.
723 1600 875 1668 νομὸς
914 1599 1087 1669 τρίτος
1123 1600 1205 1651 και
1245 1599 1451 1654 δέκατος
1490 1598 1658 1655 οὗτος.
1712 1602 1723 1607 ’

75 1680 212 1732 Ἀπὸ
249 1680 305 1732 δὲ
331 1676 640 1749 Σαγαρτιων,
671 1678 751 1731 και
778 1677 1097 1748 Σαραγγέων,
1127 1698 1209 1729 και
1237 1678 1553 1745 Θαμαναίων,
1583 1679 1705 1730 καὶ,

81 1757 301 1818 Οὐτίων,
334 1756 414 1808 καὶ
441 1754 646 1817 Μύκων,
677 1777 758 1809 και
793 1761 893 1808 τῶν
929 1756 982 1808 έν
1018 1760 1139 1823 τῇσι
1166 1752 1375 1823 νήσοισι
1402 1754 1665 1808 οἷκεόντων

80 1840 186 1888 τῶν
212 1836 266 1888 ἐν
292 1837 352 1902 τῇ
377 1833 599 1905 Ἐρυθρῇ
627 1834 949 1901 θαλάσσῃ,’
922 1856 975 1886 εν
1002 1837 1123 1901 τῇσι
1160 1854 1277 1888 τους
1302 1831 1666 1888 ἀνασπάστους

83 1913 422 1982 καλεομένους
469 1913 735 1977 κατοικίζει
773 1911 1045 1976 βασιλεὺς,
1089 1912 1189 1965 άπὸ
1234 1908 1428 1963 τούτων
1465 1913 1666 1965 πάντων

83 1991 333 2056 εξακόσια
374 1991 598 2043 τάλαντα
638 1989 832 2061 ε’γίνετο
874 1990 1058 2060 φόρος.
1116 1989 1267 2057 νομὸς
1306 1990 1545 2061 τέταρτος
1584 1986 1721 2042 καὶδ

83 2069 295 2124 δέκατος
321 2066 487 2123 οὗτος.
572 2069 724 2121 Σάκαι
765 2068 820 2120 δὲ
863 2066 943 2119 καὶ
972 2068 1199 2119 Κάσπιοι
1237 2066 1547 2135 πεντήκοντα
1586 2068 1668 2119 καὶ

83 2148 324 2217 διηκόσια
358 2146 560 2217 ἀγίνεον
598 2147 842 2199 τάλαντα.
891 2146 1045 2212 νομὸς
1078 2145 1308 2213 πέμπτος
1343 2146 1425 2198 καὶ
1462 2146 1668 2199 δέκατος

84 2223 258 2279 οὗτος.
340 2223 540 2294 Πάρθοι
581 2224 655 2284 δὲ,
685 2224 767 2276 καὶ
807 2224 1112 2294 Χοράσμιοι,
1148 2222 1229 2274 καὶ
1269 2222 1451 2293 Σόγδοι
1492 2243 1549 2277 τε
1588 2222 1710 2274 acal}

69 2302 295 2373 Ἀρειοι,
339 2302 608 2372 τριηκόσια
652 2303 892 2355 τάλαντα.
951 2294 1105 2368 νομὸς
1148 2298 1291 2354 ἕκτος
1336 2300 1417 2354 καὶ
1464 2300 1671 2355 δέκατος
1718 2302 1725 2307 '

84 2378 258 2435 οὗτος.
469 2381 766 2451 Παρικάνιοι
820 2379 895 2439 δὲ,
945 2378 1028 2431 καὶ
1080 2376 1321 2432 Αἶθίοπες
1372 2379 1423 2435 οἱ
1476 2379 1531 2431 ε’κ
1582 2379 1671 2449 τῆς
1687 2376 1769 2431 94

81 2458 287 2526 Ἀσίης,
315 2461 621 2528 τετρακόσια
655 2459 879 2510 τάλαντα
915 2456 1205 2528 ἀπαγίνεον·
1264 2455 1417 2523 νομὸς
1452 2452 1689 2525 ἕβδομος

86 2538 174 2590 καὶ
202 2536 408 2591 δέκατος
443 2535 612 2592 οὗτος.
696 2538 1005 2601 Ματιηνοῖσι
1042 2534 1115 2594 δὲ,
1147 2534 1229 2586 καὶ
1255 2535 1559 2605 Σάσπειρσι,
1592 2536 1712 2587 καὶ,

83 2614 448 2685 Ἀλαροδίοισι
468 2614 702 2681 διηκόσια
722 2613 1027 2666 ἐπετέτακτο·
1043 2613 1284 2666 τάλαντα.
1319 2613 1471 2680 νομὸς
1490 2612 1674 2684 ὄγδοος
1686 2623 1713 2666 ⁸

154 2710 252 2741 τοι.
273 2711 303 2741 ι.
867 2704 905 2742 ¹1·
