1975 2892
633 115 1008 165 Imma—1.
1044 128 1219 180 71-74.
1632 122 1713 180 39

131 173 194 212 01.
215 175 278 213 55.
299 174 434 214 1-58,
457 175 516 224 8.]

127 238 617 307 καταστρεψάμενος
643 235 768 308 εἶχε,
796 245 1066 310 γενόμενον
1090 248 1324 317 γαμβρὸν
1352 251 1561 324 Κροίσῳ
1590 253 1705 308 ὧδε.

127 313 362 366 Σκυθέων
400 320 501 367 τῶν
535 318 764 383 νομάδων
802 317 916 387 εἷλη
957 321 1153 392 ἀνδρῶν
1193 328 1547 390 στασιάσασα,
1582 331 1707 384 ὑπε-

126 390 291 456 ξῆλθε
325 391 376 447 ἐς
413 395 511 462 γῆν
543 394 634 461 τὴν
667 396 912 465 Μηδικήν.
970 399 1261 472 ἐτυράννευε
1300 404 1356 456 δὲ
1394 407 1485 460 τὸν
1520 411 1750 478 χρόνονδ

123 472 312 522 τοῦτον
339 469 528 537 Μήδων
554 473 836 544 Κυαξάρης,
865 479 894 528 ὁ
922 481 1209 547 Φραόρτεω,
1238 485 1331 534 τοῦ
1362 486 1605 550 Δηῖόκεω·
1650 485 1708 545 ὃς

122 546 248 601 τοὺς
294 545 486 604 Σκύθας
524 548 734 604 τούτους
773 555 832 604 τὸ
871 554 964 620 μὲν
1002 561 1206 625 πρῶτον
1242 563 1471 629 περιεῖπε
1522 561 1595 623 εὖ,
1638 565 1707 620 ὥς

122 623 303 679 ἐόντας
329 626 508 681 ἱκέτας·
555 628 692 681 ὥστε
719 630 776 683 δὲ
799 632 918 702 περὶ
943 636 1149 686 πολλοῦ
1182 638 1479 705 ποιεόμενος
1502 640 1703 702 αὐτοὺς,

119 703 309 757 παῖδάς
354 705 456 773 σφι
501 706 762 776 παρέδωκε
799 709 890 775 τὴν
927 713 1185 780 γλῶσσάν
1222 735 1279 766 τε
1320 713 1593 783 ἐκμαθέειν,
1622 721 1705 772 καὶ

117 779 217 846 τὴν
255 782 439 849 τέχνην
471 789 572 836 τῶν
605 785 788 851 τόξων.
840 791 1033 856 χρόνου
1072 790 1129 843 δὲ
1165 792 1455 862 γενομένου,
1486 796 1567 848 καὶ
1606 797 1703 851 ale}
1719 811 1744 854 4

117 858 438 925 φοιτεόντων
471 866 572 913 τῶν
597 861 828 917 Σκυθέων
852 865 929 918 ἐπ’
965 866 1144 937 ἄγρην,
1174 871 1256 923 καὶ
1290 869 1389 924 αἷεί
1419 892 1469 925 τι
1511 876 1702 946 φερόν-

115 955 242 996 των,
263 937 346 988 καί
371 957 487 990 κοτε
509 937 767 1006 συνήνεικε
793 943 930 996 ἑλεῖν
949 947 1123 1014 σφεας
1144 947 1316 1014 μηδέν·
1346 949 1703 1018 νοστήσαντας

116 1013 178 1064 δὲ
205 1014 391 1068 αὐτοὺς
423 1021 615 1084 κεινῇσι
644 1019 819 1085 χερσὶ,
853 1021 884 1071 ὁ
923 1023 1193 1092 Κυαξάρης
1232 1021 1319 1096 (ἦν
1341 1029 1458 1098 γὰρ,
1489 1030 1557 1084 ὥς
1596 1030 1699 1084 διέ·

115 1090 258 1156 ὃεξε,
287 1093 446 1162 ὀργὴν
470 1088 650 1165 ἄκρος)
677 1095 908 1166 τρηχέως
939 1101 1099 1170 κάρτα
1122 1103 1371 1172 περιέσπε
1396 1106 1605 1174 ἀεικείῃ.
1650 1110 1745 1162 01⁶

111 1169 194 1228 δὲ,
225 1173 384 1222 ταῦτα
409 1173 536 1242 πρὸς
563 1173 840 1244 Κυαξάρεω
862 1175 1126 1239 παθόντες,
1149 1180 1287 1233 ὥστε
1312 1183 1491 1249 ἀνάξια
1518 1185 1701 1254 σφέων

108 1246 285 1299 αὐτῶν
322 1249 648 1310 πεπονθότες,
679 1251 999 1316 ἐβούλευσαν
1038 1261 1139 1310 τῶν
1168 1260 1307 1329 παρὰ
1346 1261 1511 1329 σφίσι
1551 1263 1691 1316 διδα-

111 1325 384 1391 σκομένων
405 1327 601 1380 παίδων
628 1325 712 1380 ἕνα
745 1332 1052 1402 κατακόψαι·
1097 1338 1439 1393 σκευάσαντες
1466 1339 1521 1392 δὲ
1548 1341 1699 1394 αὐτὸν

109 1402 299 1472 ὥσπερ
327 1403 554 1458 ἐώθεσαν
579 1406 662 1458 καὶ
701 1408 765 1459 τὰ
797 1407 946 1478 θηρία
987 1414 1266 1478 σκευάζειν,
1296 1416 1553 1486 Κυαξάρεῖ
1577 1419 1695 1470 δοῦ-

109 1501 198 1533 ναι
227 1480 490 1551 φέροντες,
521 1483 588 1538 ὦς
620 1482 781 1554 ἄγρην
807 1487 975 1554 δῆθεν·
1020 1490 1192 1545 δόντες
1226 1492 1301 1552 δὲ,
1329 1492 1421 1560 τὴν
1445 1494 1697 1564 ταχίστην

111 1558 416 1625 κομίζεσθαι
455 1563 594 1630 παρὰ
637 1560 920 1618 Ἀλυάττεα
952 1568 1043 1620 τὸν
1077 1568 1370 1622 Σαδυάττεω
1406 1571 1457 1626 ἐς
1492 1574 1693 1642 Σάρδις.

109 1639 280 1688 ταῦτα
304 1637 387 1689 καὶ
422 1638 484 1706 δὴ
520 1639 739 1709 ἐγένετο.
781 1643 865 1695 καὶ
899 1644 1002 1714 γὰρ
1036 1646 1305 1717 Κυαξάρης
1330 1649 1411 1701 καὶ
1450 1649 1499 1702 οἱ
1537 1671 1693 1721 παρε-
1712 1670 1736 1709 6

110 1716 264 1768 όντες
309 1715 600 1784 δαιτυμόνες
637 1723 739 1771 τῶν
780 1726 940 1791 κρεῶν
972 1720 1167 1776 τούτων
1206 1725 1481 1780 ἐπάσαντο·
1525 1728 1609 1782 καὶ
1643 1730 1696 1783 οὶ

112 1789 306 1844 Σκύθαι
350 1797 507 1847 ταῦτα
523 1805 526 1808 ’
543 1795 866 1863 ποιήσαντες,
902 1798 1193 1853 Ἀλυάττεω
1239 1803 1395 1857 ἱκέται
1440 1804 1695 1877 ἐγένοντο.

113 1868 269 1919 Μετὰ
295 1869 352 1921 δὲ
386 1873 543 1924 ταῦτα
569 1866 664 1943 (οὗ
697 1874 798 1943 γὰρ
834 1873 894 1942 δὴ
931 1875 960 1927 ό
994 1873 1277 1945 Ἀλυάττης
1311 1881 1540 1946 ἐξεδίδου
1574 1886 1694 1943 τοὺς
1714 1887 1793 1949 74

113 1943 314 2002 Σκύθας
357 1947 631 2014 ἐξαιτέοντι
683 1949 986 2024 Κυαξάρεῒ,)
1004 1956 1231 2023 πόλεμος
1282 1961 1420 2012 τοῖσι
1474 1963 1691 2017 Λυδοῖσι

108 2025 198 2076 καὶ
238 2027 378 2078 τοῖσι
418 2025 646 2094 Μήδοισι
694 2030 924 2100 ἐγεγόνεε
965 2030 1043 2086 ἐπ’
1084 2033 1198 2086 ἔτεα
1222 2035 1389 2088 πέντε·
1458 2037 1513 2090 ἐν
1549 2043 1690 2092 τοῖσι

109 2103 374 2157 πολλάκις
415 2107 510 2170 μὲν
553 2107 602 2156 οἱ
646 2108 814 2173 Μῆδοι
855 2106 974 2160 τοὺς
1027 2107 1221 2161 Λυδοὺς
1264 2107 1517 2174 ἐνίκησαν,
1560 2110 1693 2161 πολ-

111 2181 268 2234 λάκις
308 2180 363 2232 δὲ
399 2182 448 2232 οἱ
489 2183 646 2235 Λυδοὶ
687 2182 808 2236 τοὺς
848 2181 1073 2250 Μήδους·
1126 2185 1179 2235 ἐν
1220 2185 1295 2244 δὲ,
1324 2185 1407 2236 καὶ
1450 2204 1695 2250 νυκτομα·

112 2258 239 2327 χίην
265 2259 377 2310 τινὰ
413 2257 736 2326 ἐποιήσαντο.
781 2261 1089 2330 διαφέρουσι
1125 2260 1184 2313 δέ
1217 2262 1321 2329 σφι
1350 2261 1433 2314 ἐπὶ
1465 2257 1585 2326 ἴσης
1610 2262 1701 2313 τὸν
1719 2273 1743 2312 2

113 2339 366 2402 πόλεμον,
395 2337 468 2408 τῷ
503 2337 630 2408 ἕκτῳ
666 2338 768 2390 ἔτεϊ
809 2339 1082 2405 συμβολῆς
1122 2338 1408 2408 γενομένης,
1440 2336 1699 2404 συνῆνεικε

118 2415 260 2466 ὥστε
287 2416 375 2481 τῆς
399 2416 566 2482 μάχης
587 2417 947 2481 συνεστεώσης
972 2415 1063 2482 τὴν
1082 2413 1268 2484 ἡμέρην
1288 2415 1523 2481 ἐξαπίνης
1550 2413 1701 2467 νύκτα

115 2490 382 2560 γενέσθαι.
425 2493 516 2559 τὴν
544 2493 599 2545 δὲ
631 2493 958 2562 μεταλλαγὴν
982 2489 1169 2556 ταύτην
1194 2493 1285 2558 τῆς
1316 2490 1502 2560 ἡμέρης
1528 2493 1701 2557 θαλῆς
1720 2507 1743 2546 8

119 2574 150 2623 ὁ
196 2567 458 2635 Μιλήσιος
501 2574 640 2622 τοῖσι
674 2569 829 2622 Ἴωσι
873 2571 1224 2638 προηγόρευσε
1277 2568 1509 2628 ἔσεσθαι,
1552 2567 1703 2636 οὖρον
