1975 2892
115 184 174 222 0¹
211 184 264 223 65
296 178 354 231 4]
475 118 1171 164 MEAIIOMENH.-rv.
1205 116 1374 179 23-28.
1604 114 1719 167 319

121 239 176 291 εἰ
221 239 292 307 μὴ
337 238 440 291 ὅσα
477 236 644 291 αὐτῶν
678 235 873 293 τούτων
912 241 1191 311 λεγόντων.
1400 244 1623 311 Νόμοισι
1666 244 1719 299 δέ
1739 244 1820 300 26

119 317 432 383 Ἰσσηδόνες
465 315 714 369 τοιοισίδε
749 318 988 387 λέγονται
1022 318 1271 389 χρᾶσθαι.
1352 319 1540 375 Ἐπεὰν
1575 322 1721 393 ἀνδρὶ

121 394 364 462 ἀποθάνῃ
391 393 576 464 πατὴρ,
599 396 648 446 οἶ
673 392 1021 464 προσήκοντες
1040 397 1223 452 πάντες
1243 400 1572 469 προσάγουσι
1590 403 1719 470 πρό-

120 476 290 538 βατα·
335 474 417 525 και
443 473 618 526 ἔπειτα
650 475 808 525 ταῦτα
844 470 1109 537 θύσαντες,
1140 476 1222 527 καὶ
1252 478 1620 544 καταταμόντες
1655 479 1719 531 τὰ

125 550 280 621 κρέα,
298 552 672 617 κατατάμνουσι
689 551 770 605 καὶ
785 552 874 606 τὸν
889 554 980 605 τοῦ
998 551 1267 619 δεκομένου
1284 554 1533 608 τεθνεῶτα
1545 556 1715 627 γονέα·

127 628 468 696 ἀναμίξαντες
503 629 558 681 δέ
595 629 757 683 πάντα
791 630 856 683 τὰ
891 629 1029 699 κρέα,
1062 630 1208 685 δαῖτα
1241 631 1585 701 προτιθέαται.
1628 633 1719 701 τὴν
1736 637 1763 689 2

126 706 192 760 δὲ
230 706 463 776 κεφαλὴν
496 706 652 759 αὐτοῦ
685 706 1019 777 ψιλώσαντες
1045 710 1127 763 καὶ
1163 708 1538 780 ἐκκαθήραντες,
1568 731 1719 765 κατα-

126 787 417 855 χρυσοῦσι·
477 785 558 837 καὶ
597 786 770 837 ἔπειτα
807 786 896 839 ὅτε
934 785 1191 857 ἀγάλματι
1228 789 1497 859 χρέωνται,
1536 788 1721 847 θυσίας

128 864 366 933 μεγάλας
405 862 661 917 ἐπετείους
701 862 1063 919 ἐπιτελέοντες.
1119 868 1239 923 παῖς
1274 866 1331 920 δε
1370 868 1527 934 πατρὶ
1566 870 1718 920 τοῦτο
1735 884 1758 925 3

130 940 318 1001 ποιέει,
340 942 561 1011 κατάπερ
582 962 632 993 οι
649 938 902 1007 Ἕλληνες
920 942 984 995 τὰ
1004 942 1229 1013 γενέσια.
1264 944 1439 999 ἄλλως
1460 945 1515 997 δε
1536 945 1720 998 δίκαιοι

133 1019 220 1073 καὶ
240 1017 382 1071 οὗτοι
399 1019 638 1088 λέγονται
658 1014 801 1072 εἶναι·
831 1018 1124 1089 ἷσοκρατέες
1144 1020 1199 1073 δὲ
1216 1023 1401 1091 ὁμοίως
1420 1024 1473 1075 αἱ
1490 1026 1721 1089 γυναῖκες

135 1099 282 1149 τοῖσι
307 1097 542 1167 ἀνδράσι.
584 1098 918 1167 γινώσκονται
943 1098 1037 1165 μὲν
1064 1098 1124 1165 δὴ
1153 1099 1235 1151 καὶ
1261 1098 1420 1153 οὗτοι.

221 1173 292 1227 Τὸ
337 1173 394 1226 δέ
439 1172 540 1227 ἀπὸ
587 1170 778 1227 τούτων
820 1174 882 1227 τὸ
925 1171 1224 1245 κατύπερθε,
1271 1172 1567 1245 Ἰσσηδόνες
1611 1177 1717 1232 εἶσὶ
1736 1178 1811 1240 27

137 1252 189 1305 οἱ
227 1249 467 1321 λέγοντες
506 1248 626 1305 τοὺς
675 1249 1108 1319 μουνοφθάλμους
1146 1250 1441 1321 ἀνθρώπους
1480 1254 1562 1305 καὶ
1601 1251 1719 1307 τοὺς

137 1326 548 1400 χρυσοφύλακας
589 1325 790 1398 Γρύπας
831 1323 975 1381 εἶναι·
1024 1329 1163 1399 παρὰ
1204 1330 1261 1383 δὲ
1300 1327 1493 1383 τούτων
1534 1328 1720 1382 Σκύθαι

138 1409 526 1478 παραλαβόντες
552 1404 789 1477 λέγουσι·
831 1407 970 1475 παρὰ
989 1406 1046 1459 δέ
1072 1406 1303 1459 Σκυθέων
1320 1405 1463 1474 ἡμεῖς
1488 1407 1538 1458 οἱ
1564 1406 1723 1459 ἄλλοι

141 1486 482 1554 νενομίκαμεν,
511 1484 594 1536 καὶ
628 1484 970 1552 ούνομάζομεν
1010 1484 1193 1539 αὖτοὺς
1231 1483 1475 1537 Σκυθιστὶ
1508 1482 1717 1553 Ἀριμα-

146 1561 328 1619 σπούς·
397 1562 553 1633 ἄριμα
589 1562 692 1635 γὰρ
731 1584 786 1615 εν
823 1560 1071 1615 καλέουσι
1109 1559 1313 1623 Σκύθαι,
1358 1564 1497 1615 σποῦ
1536 1562 1593 1615 δὲ
1632 1563 1721 1615 τὸν

143 1640 460 1711 ὀφθαλμόν.
641 1639 995 1710 Δυσχείμερος
1029 1639 1086 1693 δέ
1118 1634 1244 1707 αὕτη
1281 1638 1310 1707 ἦ
1348 1638 1721 1737 καταλεχθεῖσα
1740 1640 1820 1693 28

144 1722 289 1787 πᾶσα
321 1720 462 1789 χώρη
499 1715 632 1771 οὕτω
668 1716 730 1785 δὴ
765 1717 818 1770 τί
853 1718 986 1778 ἐστι,
1016 1716 1136 1771 ἔνθα
1171 1717 1289 1773 τοὺς
1325 1717 1419 1815 μὲν
1454 1717 1585 1770 ὀκτὼ
1621 1723 1722 1771 τῶν

145 1803 311 1867 μηνῶν
361 1798 620 1868 ἀφόρητος
671 1792 776 1851 οἶος
827 1795 1023 1867 γίνεται
1068 1797 1273 1866 κρυμὸς,
1315 1796 1369 1849 ἐν
1408 1816 1548 1849 τοισι
1586 1792 1721 1867 υδωρ

149 1872 341 1945 ἐκχέας,
379 1876 544 1941 πηλὸν
567 1875 630 1929 ού
665 1873 918 1943 ποιήσεις·
959 1877 1063 1945 πῦρ
1100 1874 1155 1927 δέ
1190 1872 1453 1935 ἀνακαίων,
1490 1871 1721 1942 ποιήσεις

148 1956 328 2021 πηλόν.
371 1952 401 2020 ἡ
437 1952 495 2007 δὲ
531 1952 778 2007 θάλασσα
801 1950 1068 2023 πήγνυται,
1098 1953 1181 2005 καὶ
1206 1955 1237 2005 ὁ
1273 1955 1542 2023 Βόσπορος
1566 1955 1666 2008 πᾶς
1693 1955 1763 2005 (52

151 2031 438 2102 Κιμμέριος·
505 2031 588 2083 καὶ
627 2030 710 2085 ἐπὶ
748 2034 842 2084 τοῦ
883 2031 1213 2101 κρυστάλλου
1252 2032 1301 2085 οἶ
1342 2031 1483 2087 ἐντὸς
1520 2032 1723 2101 τάφρου

153 2108 335 2163 Σκύθαι
392 2108 738 2176 κατοικημένοι
799 2105 1179 2178 στρατεύονται,
1241 2109 1325 2162 καὶ
1380 2109 1473 2165 τὰς
1532 2109 1725 2176 ἁμάξας

155 2186 488 2243 ἐπελαύνουσι
511 2186 670 2256 πέρην
705 2185 758 2241 ἐς
792 2186 910 2240 τοὺς
945 2182 1171 2240 Σινδούς.
1214 2183 1347 2239 οὕτω
1381 2186 1475 2254 μὲν
1510 2186 1571 2253 δὴ
1608 2186 1723 2240 τοὺς
1739 2197 1763 2238 8

155 2267 280 2320 ὀκτὼ
317 2267 474 2335 μῆνας
511 2264 759 2318 διατελέει
797 2263 988 2333 χειμὼν
1028 2262 1143 2316 ἐών·
1185 2262 1303 2319 τοὺς
1342 2262 1387 2317 δ’
1430 2263 1725 2318 ἐπιλοίπους

155 2344 402 2413 τέσσερας
425 2340 606 2413 ψύχεα
639 2341 816 2395 αὐτόθι
851 2340 988 2394 ἐστί.
1072 2342 1397 2411 Κεχώρισται
1431 2342 1488 2395 δὲ
1524 2340 1672 2396 οὗτος
1700 2344 1727 2395 ὁ
1742 2350 1768 2391 4

157 2423 340 2493 χειμὼν
377 2420 498 2476 τοὺς
534 2422 754 2491 τρόπους
790 2422 925 2473 πᾶσι
963 2421 1103 2473 τοῖσι
1144 2419 1198 2471 ἐν
1236 2419 1449 2474 ἄλλοισι
1488 2420 1730 2490 χωρίοισι

157 2499 464 2572 γινομένοισι
501 2503 740 2567 χειμῶσι·
810 2498 864 2551 ἐν
901 2503 974 2571 τῷ
1025 2496 1117 2565 τὴν
1166 2497 1259 2566 μὲν
1298 2497 1485 2567 ὡραίην
1523 2498 1615 2551 ούκ
1654 2495 1727 2551 ὕει

159 2580 314 2650 λόγου
339 2576 484 2645 ἄξιον
509 2576 674 2631 οὐδέν·
717 2576 778 2630 τὸ
805 2576 861 2629 δὲ
888 2576 1054 2647 θέρος,
1083 2572 1187 2631 ὕων
1211 2575 1303 2629 οὐκ
1328 2576 1474 2630 ἀνίει.
1516 2578 1729 2649 βρονταί
1743 2585 1767 2625 6
