1975 2892
628 87 1002 134 ΚΛΕῙΩΗ--ι
1032 101 1205 148 43-47·
1626 79 1703 136 23

121 149 185 188 οι
207 148 426 188 551-58.
451 149 510 198 3.]

205 207 352 256 Μετὰ
379 205 504 268 δὲ*
480 226 509 271 η
544 203 854 274 Ἀστυάγεος
886 208 976 256 τοῦ
1014 204 1289 274 Κυαξάρεω
1326 203 1563 302 ἡγεμονίη
1602 224 1688 260 κα·-
1720 209 1799 262 46

124 280 419 345 ταιρεθεῖσα
445 282 542 335 ὑπὸ
570 279 736 346 Κύρου
761 285 852 334 τοῦ
879 279 1187 348 Καμβύσεω,
1217 282 1299 335 καὶ
1336 281 1399 334 τὰ
1428 286 1528 334 τῶν
1555 289 1691 346 Περ-

120 358 258 410 σέων
281 355 554 427 πρῆγματα
587 356 917 424 αυξανόμενα,
947 356 1160 411 πένθεος
1192 378 1287 424 μεν
1322 359 1548 426 Κροῖσον
1573 357 1698 410 ἀπέ-

118 448 310 488 παυσε·
381 434 463 486 ε’νέ
499 453 596 500 ησε
631 435 687 486 δὲ
725 434 776 488 ἐς
812 435 1083 505 φροντίδα,
1118 431 1167 486 εἴ
1199 454 1298 488 κως
1334 432 1554 496 δύναιτο,
1583 436 1703 504 πρὶν
1730 464 1851 492 ean.

115 515 376 584 μεγάλους
393 511 634 582 γενέσθαι
653 510 773 566 τοὺς
793 512 1021 581 Πέρσας,
1040 513 1348 576 καταλαβεῖν
1368 512 1531 564 αὐτῶν
1546 512 1700 578 αὖξα-
1744 513 1848 595 ᾖξ’

117 591 331 658 νομένην
355 590 447 656 τὴν
474 587 699 657 δύναμιν.
768 590 914 642 Μετὰ
941 589 1011 642 ὧν
1036 589 1127 656 τὴν
1154 591 1377 643 διάνοιαν
1402 587 1587 656 ταύτην
1612 590 1700 642 αὗ·
1722 612 1747 652 2

114 668 232 720 τίκα
271 669 576 736 ἀπεπειρᾶτο
612 673 713 720 τῶν
746 663 1000 736 μαντηίων
1034 673 1135 721 τῶν
1168 689 1224 720 τε
1261 667 1317 720 έν
1343 665 1593 734 Ἕλλησι,
1624 668 1705 720 καὶ

118 749 213 800 τοῦ
255 747 310 798 ἐν
349 742 537 812 Λιβύῃ·
606 744 900 815 διαπέμψας
939 745 1135 801 ἅλλους
1173 746 1329 812 ἄλλῃ,
1363 745 1483 800 τοὺς
1520 746 1613 814 μὲν
1653 747 1705 800 ε’ς

116 824 364 892 Δελφοὺς
391 823 534 884 ἴέναι,
557 822 678 878 τοὺς
704 823 760 876 δὲ
789 823 841 878 ἐς
854 820 1027 887 Ἀβας
1052 825 1142 878 τὰς
1169 824 1397 886 Φωκέων,
1420 823 1541 878 τοὺς
1568 824 1623 876 δὲ
1653 825 1705 879 ἐς

116 903 388 968 Δωδώνην·
458 902 507 953 οἱ
543 897 604 954 δέ
635 921 767 955 τινες
802 900 1089 968 ἐπέμποντο
1124 903 1261 971 παρά
1296 924 1352 955 τε
1376 901 1704 972 Ἀμφιάρεων

115 981 202 1032 καὶ
226 979 366 1050 παρὰ
396 980 716 1049 Τροφώνιον·
785 980 832 1030 οἱ
870 979 943 1038 δὲ,
971 981 1061 1046 τῆς
1097 981 1359 1046 Μιλησίης
1386 978 1441 1033 ές
1477 980 1701 1050 Βραγχί-

114 1058 229 1112 δας.
313 1060 470 1110 ταῦτα
499 1057 593 1125 μέν
624 1077 712 1111 νυν
747 1057 810 1110 τὰ
833 1055 1113 1123 Ἑλληνικὰ
1142 1057 1373 1125 μαντὴῖα,
1403 1056 1458 1112 ἐς
1488 1059 1552 1110 τὰ
1577 1057 1700 1111 ἀπέ-

113 1135 301 1206 πεμψε
334 1137 741 1202 μαντευσόμενος
778 1137 1021 1204 Κροῖσος.
1106 1132 1299 1202 Λιβύης
1331 1135 1385 1188 δὲ
1412 1137 1550 1205 παρὰ
1564 1133 1699 1202 Ἀμ-
1719 1147 1743 1188 3

111 1236 261 1283 μωνα
287 1213 560 1266 ἀπέστειλε
587 1213 780 1266 ἄλλους
805 1211 1178 1282 χρησομένους.
1238 1214 1480 1281 διέπεμπε
1509 1213 1563 1266 δὲ
1590 1235 1700 1266 πει-

109 1293 368 1363 ρεὼμενος
388 1295 490 1343 τῶν
515 1285 766 1358 μαντηίων
786 1289 815 1342 ὅ
841 1312 891 1343 τι
911 1292 1197 1361 φρονέοιεν·
1244 1293 1328 1354 ὣς,
1352 1292 1396 1344 εἷ
1418 1291 1703 1362 φρονέοντα

110 1369 208 1438 τὴν
233 1363 482 1436 ἀληθηΐην
507 1368 750 1438 εὑρεθείη,
775 1368 1035 1438 ἐπείρηταί
1061 1371 1205 1439 σφεα
1232 1367 1443 1440 δεύτερα
1467 1370 1697 1435 πέμπων,

113 1447 161 1499 εἰ
205 1447 490 1518 ἐπιχειρέοι.
524 1446 608 1500 ἐπὶ
653 1447 863 1516 Πέρσας
910 1445 1303 1517 στρατεύεσθαι.
1510 1445 1701 1498 Ἐντει-
1720 1445 1798 1506 47

110 1527 337 1594 λάμενος
364 1525 418 1578 δὲ
446 1527 583 1577 τοῖσι
609 1525 824 1578 Λυδοῖσι
851 1525 988 1590 τάδε,
1020 1525 1283 1593 ἀπέπεμπε
1310 1525 1362 1580 ἐς
1388 1525 1480 1592 τὴν
1506 1525 1699 1577 διάπει-

111 1625 212 1674 ραν
247 1608 349 1655 τῶν
382 1602 726 1672 χρηστηρίων·
779 1601 864 1656 ἀπ’
901 1601 960 1670 ἧς
1004 1603 1064 1655 ἂν
1100 1600 1287 1672 ἡμέρης
1322 1601 1613 1672 ὁρμηθέωσι
1648 1603 1704 1654 ἐκ

115 1681 366 1752 Σαρδίων,
388 1681 488 1733 ἀπὸ
515 1677 696 1748 ταύτης
723 1679 1157 1751 ἡμερολογέοντας
1182 1681 1273 1732 τὸν
1290 1682 1477 1734 λοιπὸν
1494 1683 1700 1750 χρόνον,

115 1760 371 1826 ἑκατοστῇ
413 1757 570 1828 ἡμέρῃ
610 1758 839 1828 χρῆσθαι
880 1761 1019 1810 τοῖσι
1060 1759 1445 1829 χρηστηρίοισι,
1490 1759 1701 1828 ἐπειρω-

114 1837 325 1890 τέοντας
351 1834 381 1888 ὅ
406 1858 456 1888 τι
490 1836 677 1889 ποιέων
709 1836 954 1908 τυγχάνοι
981 1839 1011 1890 ὁ
1038 1837 1217 1889 Λυδῶν
1250 1837 1504 1902 βασιλεὺς
1547 1839 1699 1908 Κροῖ-

117 1937 216 1970 σος
250 1917 279 1968 ὁ
317 1914 626 1968 Ἀλυάττεω.
669 1914 816 1967 ἅσσα
849 1912 893 1966 δ’
921 1913 982 1966 ἂν
1016 1914 1207 1968 ἕκαστα
1242 1921 1342 1969 τῶν
1375 1916 1745 1986 χρηστηρίων2

115 1992 368 2060 θεσπίσῃ,
401 1991 866 2062 συγγραψαμένους
905 1992 1179 2062 ἀναφέρειν
1210 1993 1329 2065 παρ’
1366 1996 1571 2047 ἑωυτόν.
1634 1991 1701 2046 ‘¹0
1718 2015 1743 2054 3

115 2092 166 2123 τι
191 2071 287 2139 μέν
313 2091 402 2123 νυν
427 2071 490 2122 τὰ
516 2069 676 2122 λοιπὰ
700 2075 802 2122 τῶν
826 2071 1154 2140 χρηστηρίων
1175 2071 1440 2131 ἐθέσπισε,
1464 2071 1525 2124 οὐ
1550 2071 1701 2140 λέγε-

115 2170 200 2202 ται
226 2149 356 2218 πρὸς
381 2148 630 2216 οὐδαμῶν·
677 2148 730 2203 ἐν
756 2147 812 2200 δὲ
839 2149 1104 2217 Δελφοῖσι
1132 2150 1198 2203 ὦς
1226 2149 1451 2216 ἐσῆλθον
1478 2149 1704 2216 τάχιστα

117 2227 171 2281 ἐς
198 2227 258 2278 τὸ
284 2227 510 2296 μέγαρον
535 2227 586 2278 οἱ
612 2226 770 2278 Λυδοὶ
795 2229 1109 2294 χρησόμενοι
1136 2231 1207 2299 τῷ
1236 2227 1352 2298 θεῷ,
1383 2226 1465 2278 καὶ
1492 2227 1701 2294 ἐπειρώ-

116 2326 234 2358 τεον
259 2305 320 2356 τὸ
349 2303 727 2372 ἐντεταλμένον,
755 2301 786 2365 ᾖ
813 2303 982 2369 Πυθίη
1022 2304 1076 2357 ἐν
1102 2304 1358 2374 ἑξαμέτρῳ
1394 2305 1525 2374 τόνῳ
1559 2303 1704 2372 λέγει

117 2383 260 2442 τάδε·

185 2467 306 2516 Οἶδα
327 2470 366 2517 δ’
394 2469 490 2526 ἐγὼ
511 2470 703 2528 ψάμμου
723 2470 767 2514 τ·
791 2466 999 2526 ἀριθμὸν,
1023 2465 1101 2512 καὶ
1122 2466 1271 2524 μέτρα
1294 2464 1555 2522 θαλάσσης,
1719 2487 1745 2524 4

187 2531 265 2580 καὶ
289 2533 448 2590 κωφοῦ
470 2529 673 2588 συνίημι,
701 2529 778 2576 καὶ
802 2529 856 2576 οὐ
879 2529 1144 2584 φωνεῦντος
1167 2524 1333 2574 ἀκούω.
