1975 2892
265 113 342 169 26
863 125 1268 171 ΗΡοΔοΤοΥ

1486 183 1557 230 [A.
1574 181 1618 219 c.
1634 182 1847 222 ὅσα-546.

263 259 321 290 τε
347 233 638 304 ἀναθήματα
677 237 768 290 οὔκ
806 237 1031 303 ἐπίσημα
1066 238 1243 290 πολλὰ
1281 236 1558 307 ἀπέπεμψε
1589 239 1691 304 ἅμα
1722 237 1841 290 τού-

263 336 404 368 τοισι
432 318 460 367 6
489 317 732 385 Κροῖσος,
761 315 842 367 καὶ
877 313 1106 383 χεύματα
1132 313 1355 385 ἀργύρεα
1380 316 1703 385 κυκλοτερέα·
1760 317 1846 368 καὶ

263 393 324 458 δὴ
362 393 444 445 καὶ
479 394 715 462 γυναικὸς
755 390 968 445 εἴδωλον
1002 390 1231 462 χρύσεον
1265 393 1507 461 τρίπηχυ,
1536 394 1594 446 τὸ
1637 394 1846 462 Δελφοὶ

263 472 353 536 τῆς
379 470 667 540 ἀρτοκόπου
706 473 795 537 τῆς
823 471 1053 540 Κροίσου
1081 470 1249 523 εἰκόνα
1273 470 1491 539 λέγουσι
1528 467 1671 523 εἶναι.
1715 472 1849 540 πρὸς

263 549 337 609 δέ,
367 549 450 600 καὶ
477 551 566 616 τῆς
593 549 783 601 ἑωυτοῦ
807 549 1044 618 γυναικὸς
1083 548 1147 600 τὰ
1172 549 1273 601 άπὸ
1302 551 1389 615 τῆς
1430 549 1597 618 δειρῆς
1633 549 1847 615 ἀνέθηκε

169 626 247 680 52
265 629 292 678 6
321 629 564 695 Κροῖσος,
594 627 676 678 καὶ
703 627 794 680 τὰς
821 627 996 690 ζώνας.
1204 629 1373 679 Ταῦτα
1398 628 1491 693 μὲν
1518 628 1570 680 ἐς
1596 627 1849 698 Δελφοὺς

263 703 559 775 ἀπέπεμψε.
603 709 674 776 τῷ
706 704 762 757 δὲ
800 703 1117 776 Ἀμφιάρεῳ,
1146 705 1430 771 πυθόμενος
1468 704 1623 756 αὐτοῦ
1660 703 1753 772 τήν
1788 727 1850 758 τε

263 781 446 852 ἀρετὴν
471 783 553 835 καὶ
588 783 680 848 τὴν
717 782 900 848 πάθην,
929 781 1138 848 ἀνέθηκε
1174 784 1333 838 σάκος
1368 804 1425 835 τε
1463 780 1693 852 χρύσεον
1722 786 1847 848 πᾶν,

265 859 452 926 ὁμοίως
492 861 572 914 καὶ
607 859 796 928 αἰχμὴν
833 859 1045 930 στερεὴν
1070 863 1245 914 πᾶσαν
1280 859 1527 930 χρυσέην,
1556 862 1615 914 τὸ
1652 861 1853 926 ξυστὸν

261 941 386 1002 τῇσι
411 939 652 1036 λόγχῃσι
668 937 753 991 ε’ὸν
779 938 964 1003 ὁμοίως
989 935 1235 1007 χρύσεον·
1280 939 1343 991 τὰ
1364 940 1438 992 ἔτι
1465 939 1547 991 καὶ
1574 939 1853 1008 ἀμφότερα

264 1013 316 1068 ἐς
330 1014 440 1110 ,ἐμὲ
478 1012 540 1081 ἦν
575 1015 774 1083 κείμενα
809 1015 863 1068 ἐν
899 1014 1127 1082 Θήβῃσι,
1157 1018 1239 1070 και
1276 1016 1517 1084 Θηβαίων
1549 1017 1603 1069 ἐν
1628 1020 1701 1089 τῷ
1743 1039 1851 1090 νηω

263 1095 354 1144 τοῦ
379 1091 640 1160 Ἰσμηνίου
665 1093 1015 1148 Ἀπόλλωνος.

165 1175 242 1228 53
373 1175 520 1226 Τοῖσι
575 1172 629 1226 δὲ
685 1173 826 1240 ὅγειν
877 1172 1137 1239 μέλλουσι
1186 1177 1288 1226 τῶν
1338 1173 1515 1226 Αυδῶν
1565 1177 1723 1226 ταῦτα
1776 1175 1846 1225 τὰ

264 1242 402 1312 δῶρα
447 1243 500 1298 ἐς
541 1245 604 1296 τὰ
651 1244 734 1314 ἱρὰ
775 1243 1073 1297 ἐνετέλλετο
1117 1249 1146 1298 6
1186 1249 1411 1315 Κροισος
1457 1247 1738 1317 ἐπειρωτᾶν
1781 1248 1853 1300 τὰ

262 1319 568 1392 χρηστήρια,
619 1343 662 1373 ει
709 1320 1047 1391 στρατεύηται
1092 1322 1178 1377 ἐπὶ
1223 1326 1434 1394 Πέρσας
1476 1328 1716 1396 Κροῖσος,
1762 1327 1853 1380 καὶ

222 1404 248 1445 2
265 1419 310 1450 ει
351 1420 462 1452 τινα
506 1400 727 1469 στρατὸν
779 1399 974 1470 ανδρῶν
1026 1401 1339 1471 προσθέοιτο
1393 1403 1585 1471 φίλον·
1572 1443 1587 1464 ,
1645 1403 1735 1457 Ὧς
1789 1405 1852 1456 δὲ

263 1475 554 1550 ἀπικόμενοι
591 1477 645 1532 ἐς
671 1478 734 1531 τὰ
773 1476 1187 1548 απεπέμφθησαν
1218 1481 1268 1532 οἱ
1304 1481 1461 1532 Λυδοι
1497 1481 1745 1534 ἀνέθεσαν
1780 1483 1853 1534 τὰ

264 1552 574 1622 ἀναθήματα,
639 1555 893 1626 ἐχρέωντο
947 1559 1087 1611 τοῖσι
1140 1558 1524 1628 χρηστηρίοισι,
1579 1559 1848 1629 λέγοντες·

266 1631 302 1657 “
323 1637 564 1702 Κροῖσος,
614 1637 643 1688 6
691 1635 867 1687 Λυδῶν
911 1656 968 1686 τε
1015 1636 1098 1688 καὶ
1132 1637 1310 1688 ἄλλων
1348 1635 1533 1690 ἐθνέων
1570 1637 1847 1704 βασιλεὺς,

263 1710 479 1778 νομίσας
505 1711 628 1764 τάδε
655 1711 870 1780 μαντὴἲα
907 1707 1035 1766 εἶναι
1072 1718 1235 1781 μοῦνα
1269 1712 1326 1767 έν
1360 1715 1696 1785 ἀνθρώποισι,
1726 1715 1852 1782 ὑμῖν

263 1807 319 1838 τε
365 1787 484 1854 ἄξια
525 1789 661 1858 δῶρα
701 1791 857 1842 ἔδωκε
895 1795 999 1842 τῶν
1036 1790 1406 1862 ἐξευρημάτων,
1446 1794 1527 1846 καὶ
1568 1796 1655 1846 νῦν
1694 1793 1851 1860 ὑμέας

266 1864 528 1934 ἐπειρωτᾷ,
559 1866 604 1918 εἷ
631 1866 966 1937 στρατεύηται
995 1868 1080 1924 ἐπὶ
1108 1870 1333 1940 Πέρσας,
1364 1872 1445 1924 καὶ
1472 1868 1521 1924 εἴ
1543 1892 1654 1922 τινα
1680 1892 1846 1940 στρα-

206 1951 244 2003 ζ8
261 1943 350 1994 τὸν
395 1943 590 2012 ἀνδρῶν
641 1945 954 2014 προσθέοιτο
1002 1945 1275 2017 σύμμαχον
1300 1946 1363 2013 ;”
1426 1950 1488 2000 Οἱ
1540 1949 1633 2017 μὲν
1686 1952 1850 2002 ταῦτα

261 2018 583 2088 ἐπειρώτεον.
625 2027 728 2075 τῶν
768 2023 827 2076 δὲ
865 2020 1119 2090 μαντηίων
1154 2026 1460 2095 ἀμφοτέρων
1498 2026 1552 2080 ἐς
1591 2027 1753 2078 τώυτὸ
1791 2030 1847 2081 αἱ

257 2102 452 2168 γνῶμαι
481 2099 812 2170 συνέδραμον,
842 2101 1197 2172 προλέγουσαι
1225 2103 1499 2176 Κροίσῳ*
1473 2127 1534 2172 ην
1561 2103 1843 2174 στρατεύη-

259 2195 341 2227 ται
368 2174 452 2228 ἐπὶ
480 2177 706 2247 Πέρσας,
734 2181 965 2250 μεγάλην
990 2179 1155 2250 ἀρχην
1180 2203 1266 2249 μιν
1293 2184 1597 2235 καταλῦσαι.
1640 2181 1758 2236 τοὺς
1788 2184 1846 2236 δε

256 2251 522 2320 Ἑλλήνων
583 2255 960 2311 δυνατωτάτους
1022 2257 1401 2323 συνεβούλευόν
1460 2261 1509 2312 οἶ
1568 2259 1847 2329 ἐξευρόντα

159 2333 241 2385 54
259 2329 452 2397 φίλους
487 2333 833 2402 προσθέσθαι.
1042 2335 1189 2388 Ἐπεί
1220 2358 1277 2388 τε
1304 2338 1359 2390 δὲ
1394 2336 1745 2406 ἀνενειχθέντα
1778 2339 1846 2392 τὰ

259 2405 540 2476 θεοπρόπια
575 2408 790 2464 ἐπύθετο
825 2415 853 2464 6
883 2416 1127 2480 Κροῖσος,
1156 2413 1418 2484 ὑπερήσθη
1456 2435 1513 2468 τε
1544 2418 1683 2468 τοῖσι
1709 2437 1842 2483 χρη-

259 2484 537 2550 στηρίοισι·
600 2489 776 2557 πάγχυ
818 2510 874 2540 τε
915 2489 1137 2544 ἐλπίσας
1184 2491 1491 2545 καταλύσειν
1532 2492 1624 2560 τὴν
1669 2491 1846 2562 Κύρου

255 2555 552 2628 βασιληίην,
581 2565 794 2634 πέμψας
833 2563 1025 2620 αὖτις’
1001 2588 1055 2621 ες
1087 2568 1262 2630 Πυθὼ,
1293 2571 1538 2640 Δελφοὺς
1578 2571 1842 2641 δωρέεται,
