1975 2892
160 193 214 232 01
246 193 292 233 88
324 192 380 241 ⁸]
469 128 1164 177 MEAnoMENH.—1v.
1198 139 1434 186 200-203.
1628 117 1743 178 397

159 251 214 304 ἐς
243 251 302 301 τὸ
329 251 499 316 τεῖχος
525 249 615 300 τὸν
640 250 977 316 βουλόμενον,
1007 248 1099 302 τὰς
1125 246 1291 302 πύλας
1318 249 1489 304 πάσας
1516 249 1747 315 ἀνοίξαν·

156 350 264 380 τες.
309 328 358 379 οἱ
386 328 441 380 δὲ
469 327 670 396 Πέρσαι
697 325 1099 397 καταρρήξαντες
1123 327 1214 393 τὴν
1242 327 1465 397 κρυπτὴν
1489 329 1741 398 γέφυραν,
1765 343 1791 390 'e

161 407 306 458 ἔθεον
331 406 438 458 ἔσω
463 405 516 459 ἐς
541 408 601 457 τὸ
629 407 819 473 τεῖχος.
865 405 1175 475 κατέρρηξαν
1200 405 1256 457 δὲ
1293 405 1443 458 τοῦδε
1470 402 1632 458 εἵνεκα
1658 405 1750 474 τὴν

159 484 410 550 ἐποίησαν
453 482 704 554 γέφυραν,
750 479 832 535 ἵνα
876 483 1277 556 ἐμπεδορκέοιεν,
1322 485 1564 550 ταμόντες
1610 487 1750 536 τοῖσι

159 560 460 630 Βαρκαίοισι
494 563 684 631 χρόνον
717 561 884 628 μένειν
919 560 1018 614 αῖεὶ
1053 563 1111 613 τὸ
1149 560 1338 631 ὅρκιον,
1369 561 1497 614 ὅσον
1532 561 1593 615 ἂν
1619 560 1649 628 ἦ
1680 565 1746 632 γῆ

151 641 282 707 μένῃ
320 641 446 692 κατὰ
481 641 546 691 τὰ
581 642 698 691 τότε
739 634 864 708 εἶχε·
911 637 1260 710 καταρρήξασι
1300 640 1373 701 δὲ,
1404 639 1569 692 οὐκέτι
1606 641 1748 709 ἔμενε

153 720 214 770 τὸ
245 717 416 781 ὅρκιον
442 718 566 769 κατὰ
592 719 781 786 χώρην.

229 795 360 849 Τοὺς
411 793 504 862 μέν
545 817 633 848 νυν
673 795 998 852 αἰτιωτάτους
1048 800 1150 850 τῶν
1203 795 1460 865 Βαρκαίων
1500 797 1531 864 ἦ
1580 805 1731 862 Φερε-
1762 802 1877 856 202

153 871 296 936 τίμη,
329 869 439 922 ἐπεί
464 871 522 922 τέ
555 870 604 921 οἱ
641 869 697 922 ε’κ
725 876 825 923 τῶν
851 873 1100 940 Περσέων
1124 870 1499 940 παρεδόθησαν,
1529 871 1742 923 ἀνεσκο-

141 946 351 1000 λόπισε
387 946 556 1020 κύκλῳ
591 951 682 1000 τοῦ
718 948 934 1017 τείχεος·
980 954 1081 1001 τῶν
1116 949 1175 1002 δέ
1209 950 1314 1017 σφι
1348 953 1596 1015 γυναικῶν
1626 948 1745 1005 τοὺς

147 1026 346 1092 μαζοὺς
373 1025 709 1093 ἀποταμοῦσα
743 1027 1039 1095 περιέστιξε
1079 1026 1160 1080 καὶ
1195 1025 1425 1079 τούτοισι
1462 1029 1521 1079 τὸ
1553 1029 1739 1095 τεῖχος.

152 1105 276 1158 τοὺς
318 1104 373 1156 δὲ
412 1104 625 1158 λοιποὺς
665 1109 766 1156 τῶν
807 1106 1067 1175 Βαρκαίων
1105 1099 1254 1171 ληΐην
1280 1103 1522 1157 ἐκέλευσε
1562 1104 1785 1165 θέσθαιπ

152 1203 210 1232 τι
222 1185 276 1236 ὐς
314 1181 539 1249 Πέρσας,
568 1182 706 1250 πλὴν
747 1182 865 1235 ὅσοι
905 1183 1070 1236 αὐτῶν
1107 1180 1243 1249 ἦσαν
1278 1183 1547 1236 Βαττιάδαι
1578 1204 1636 1236 τε
1663 1184 1746 1235 καὶ

153 1263 250 1310 τοῦ
273 1261 441 1328 φόνου
468 1261 528 1312 οὔ
554 1260 820 1328 μεταίτιοι·
865 1260 1097 1314 τούτοισι
1119 1261 1174 1314 δὲ
1194 1261 1285 1330 τὴν
1304 1263 1460 1314 πόλιν
1486 1259 1743 1330 ἐπέτρεψε

153 1337 182 1403 ἦ
216 1338 483 1408 Φερετίμη.
725 1339 855 1393 Τοὺς
892 1339 960 1391 ὧν
996 1340 1057 1407 δὴ
1098 1339 1312 1393 λοιποὺς
1348 1345 1449 1390 τῶν
1485 1338 1744 1408 Βαρκαίων
1761 1344 1877 1401 203

151 1417 202 1466 οἷ
245 1415 451 1485 Πέρσαι
482 1416 974 1487 ἀνδραποδισάμενοι
1011 1414 1240 1485 ἀπῄεσαν
1275 1416 1466 1470 ὀπίσω·
1516 1418 1596 1469 καὶ
1632 1414 1745 1470 ε’πεί

149 1514 208 1544 τε
258 1493 346 1546 ε’πὶ
393 1497 453 1561 τῇ
502 1495 794 1565 Κυρηναίων
839 1497 962 1548 πόλι
1016 1493 1327 1561 ἐπέστησαν,
1376 1496 1425 1547 οἱ
1472 1496 1743 1564 Κυρηναῖοι

153 1573 339 1641 λόγιόν
364 1592 414 1623 τι
441 1571 800 1640 ἀποσιεύμενοι
837 1573 1071 1640 διεξῆκαν
1102 1573 1284 1627 αὐτοὺς
1310 1573 1394 1625 διὰ
1420 1576 1511 1625 τοῦ
1537 1572 1738 1626 ἄστεος.

155 1647 451 1717 διεξιούσης
487 1651 542 1703 δὲ
578 1653 667 1718 τῆς
703 1651 963 1720 στρατιῆς,
996 1653 1159 1721 Βάρης
1192 1651 1286 1719 μὲν
1321 1654 1350 1703 ὁ
1384 1653 1477 1702 τοῦ
1510 1653 1785 1709 ναυτικοῦς

157 1731 388 1798 στρατοῦ
425 1730 711 1799 στρατηγὸς
743 1727 945 1781 ε’κέλευε
980 1730 1165 1799 αἱρέειν
1201 1729 1292 1796 τὴν
1324 1731 1497 1789 πόλιν,
1514 1726 1743 1796 ’Ἄμασις

153 1808 210 1856 ’δέ
242 1809 271 1859 ὁ
298 1809 390 1858 τοῦ
425 1808 580 1872 πεζοῦ
617 1807 708 1860 οὐκ
735 1809 809 1859 ἔα·
858 1812 891 1833 “
912 1805 999 1859 ε’πὶ
1026 1809 1221 1877 Βάρκην
1254 1807 1353 1877 γὰρ
1389 1806 1743 1874 ἀποσταλῆναι

151 1883 346 1951 μούνην
371 1883 648 1951 Ἑλληνίδα
682 1881 896 1938 πόλιν.”
938 1883 995 1939 ές
1022 1883 1051 1937 ὃ
1078 1885 1423 1952 διεξελθοῦσι,
1454 1887 1535 1938 καὶ
1573 1884 1736 1953 ἶζομέ·
1759 1903 1783 1943 a

156 1983 295 2014 νοισι
347 1961 434 2016 ἐπὶ
486 1965 609 2017 Διὸς
661 1963 882 2016 Λυκαίου
928 1962 1106 2032 ὄχθον,
1153 1963 1473 2032 μετεμέλησέ
1523 1966 1627 2033 σφι
1680 1964 1741 2016 οὐ

157 2044 356 2107 σχοῦσι
382 2039 473 2107 τὴν
499 2039 748 2111 Κυρῆνην,
779 2041 860 2094 καὶ
898 2040 1169 2112 ε’πειρῶντο
1206 2044 1265 2095 τὸ
1301 2042 1537 2113 δεύτερον
1561 2042 1737 2113 παριέ-

157 2138 238 2171 ναι
273 2116 327 2172 ἒς
365 2116 536 2185 αὐτήν·
581 2121 630 2172 οἶ
666 2120 721 2172 δὲ
760 2122 1032 2189 Κυρηναῖοι
1068 2121 1129 2172 οὔ
1167 2122 1460 2190 περιώρεον.
1505 2122 1644 2173 τοῖσι
1684 2121 1739 2174 δὲ
1758 2138 1783 2178 4

155 2196 418 2265 Πέρσῃσι,
448 2196 651 2252 οὐδενὸς
685 2198 996 2266 μαχομένου,
1031 2199 1203 2267 φόβος
1238 2197 1469 2252 ε’νέπεσε·
1512 2198 1737 2268 ἀποδρα-

157 2277 335 2340 μόντες
375 2275 431 2327 δὲ
471 2274 600 2326 ὅσον
640 2273 884 2342 ἑξήκοντα
923 2277 1125 2336 στάδια,
1164 2273 1348 2340 ἵζοντο.
1394 2275 1643 2347 ἱδρυθέντι
1684 2274 1739 2329 δὲ

159 2359 228 2422 τῳ
271 2353 602 2424 στρατοπέδῳ
641 2351 797 2420 ταύτῃ
838 2351 966 2418 ἦλθε
1006 2357 1142 2424 παρὰ
1180 2352 1464 2424 Ἀρυάνδεω
1500 2354 1736 2424 ἅγγελος,

159 2428 455 2482 ἀποκαλέων
489 2429 689 2486 αὐτούς.
735 2432 783 2483 οἶ
824 2431 879 2484 δὲ
917 2431 1117 2501 Πέρσαι
1155 2431 1447 2502 Κυρηναίων
1482 2431 1737 2499 δεηθέντες
1760 2449 1785 2488 6

161 2506 338 2559 επόδιά
379 2509 482 2577 σφι
519 2509 710 2569 δοῦναι,
746 2510 946 2578 ἔτυχον·
990 2511 1242 2574 λαβόντες
1277 2510 1333 2563 δὲ
1368 2513 1543 2569 ταῦτα,
1572 2510 1736 2563 ἀπαλ-
1756 2525 1781 2565 σ

160 2586 424 2639 λιέσσοντο
451 2584 505 2642 ἔς
530 2586 623 2654 τὴν
649 2584 924 2659 Αἴγυπτον.
967 2590 1355 2660 παραλαβόντες
1391 2588 1447 2641 δὲ
1480 2590 1539 2641 τὸ
1564 2586 1737 2640 ἕνθεῦ-
