1975 2892
277 112 393 168 250
857 120 1267 166 ΗΡοΔοΤογ

1628 182 1703 229 [Α.
1720 184 1768 222 0.
1792 184 1891 223 525.

277 242 502 294 νὼσκετο
523 240 692 310 ἑωυτῷ
719 236 886 290 οὐκέτι
913 231 1039 289 εἶναι
1060 236 1272 291 δυνατὸς
1290 236 1353 288 τὰ
1372 233 1653 307 πρήγματα
1682 240 1895 307 ἐπορᾶν

277 340 336 371 τε
371 318 452 369 καὶ
489 316 695 377 διέπειν,
723 316 936 386 πέμψας
972 315 1026 369 ἐς
1060 315 1152 381 τὴν
1178 314 1454 384 Κέρκυραν,
1483 314 1751 367 ἀπεκάλεε
1792 318 1893 367 τὸν

279 396 586 466 Λυκόφρονα
613 395 696 448 ἐπὶ
715 394 806 460 τὴν
825 393 1111 464 τυραννίδα·
1149 392 1203 446 ἐν
1221 393 1322 465 γὰρ
1344 392 1402 460 δὴ
1424 395 1495 464 τῷ
1522 394 1892 465 πρεσβυτέρῳ

281 479 382 527 τῶν
406 474 602 527 παίδων
627 474 719 526 οὐκ
754 473 957 543 ε’νεῶρα,
987 472 1129 524 ἀλλά
1162 472 1213 524 οἱ
1252 470 1581 540 κατεφαίνετο
1610 466 1749 524 εἶναι
1780 494 1891 525 νω-

240 552 546 623 Βθέστερος.
590 555 619 605 6
655 553 711 605 δὲ
739 552 1025 621 Λυκόφρων
1060 549 1179 603 οὐδὲ
1212 549 1505 619 ἀνακρίσιος
1539 547 1748 618 ἠξίωσε
1792 553 1892 603 τὸν

283 631 512 702 φέροντα
553 630 645 698 τὴν
689 630 952 700 ἀγγελίην.
1035 628 1347 699 Περίανδρος
1386 627 1460 693 δὲ,
1502 630 1891 697 περιεχόμενος
1967 646 1969 651 ’

282 712 375 762 τοῦ
403 709 620 777 νεηνίεω,
643 707 854 777 δεύτερα
878 705 1157 761 ἀπέστειλε
1184 706 1259 760 ἐπ’
1288 706 1441 759 αὐτὸν
1465 706 1557 773 τὴν
1582 706 1885 777 ἀδελφεὴν,

284 788 475 840 ἑωυτοῦ
501 788 557 839 δὲ
585 785 854 856 θυγατέρα,
884 785 1074 838 δοκέων
1099 806 1187 854 μιν
1211 786 1442 853 μάλιστα
1474 782 1631 851 ταύτῃ
1667 784 1736 837 ἂν
1760 786 1881 839 πεί-

241 874 268 914 ⁸
285 863 486 917 θεσθαι.
530 863 831 931 ἀπικομένης
858 864 915 916 δὲ
941 862 1144 931 ταύτης,
1174 865 1256 917 καὶ
1281 860 1558 934 λεγούσης·
1606 858 1737 915 “Ὠ
1762 864 1878 927 παῖ,

283 940 499 1007 βούλεαι
538 940 628 1009 τήν
667 964 724 994 τε
763 942 1033 1011 τυραννίδα
1073 942 1125 996 ἐς
1164 940 1359 995 ἄλλους
1397 940 1620 1002 πεσέειν,
1656 942 1749 995 καὶ
1788 944 1883 994 τὸν

283 1015 422 1073 οἶκον
461 1023 554 1073 τοῦ
592 1022 784 1091 πατρὸς
825 1019 1202 1091 διαφορηθέντα
1239 1022 1457 1088 μᾶλλον,
1487 1018 1517 1087 ἢ
1558 1019 1721 1074 αὐτός
1762 1021 1876 1089 σφε

285 1096 523 1152 ἀπελθὼν
569 1099 741 1168 ἕχειν;
801 1097 946 1152 ἄπιθι
992 1099 1045 1153 ἐς
1089 1098 1154 1150 τὰ
1199 1097 1349 1159 οἰκία,
1396 1100 1595 1152 παῦσαι
1641 1101 1880 1151 σεωυτὸν

244 1182 270 1225 4
287 1179 490 1244 ζημιῶν.
534 1177 822 1246 φιλοτιμίη,
853 1178 1016 1245 κτῆμα
1044 1178 1241 1229 σκαιόν·
1276 1178 1345 1245 μὴ
1371 1178 1442 1248 τῷ
1470 1176 1605 1249 κακῷ
1631 1178 1695 1229 τὸ
1725 1179 1881 1229 κακὸν

287 1254 366 1307 ίῶ.
423 1255 617 1308 πολλοὶ
659 1260 760 1307 τῶν
801 1255 1007 1308 δικαίων
1048 1255 1112 1308 τὰ
1154 1254 1501 1325 ἐπιεικέστερα
1539 1254 1875 1325 προτιθέασι·

287 1332 480 1388 πολλοὶ
519 1333 575 1387 δὲ
614 1334 708 1402 ἤδη
749 1334 814 1385 τὰ
850 1338 1057 1406 μητρῷα
1096 1331 1366 1401 διζήμενοι,
1394 1333 1458 1385 τὰ
1496 1335 1715 1406 πατρῷα
1750 1334 1875 1387 ἀπέ-

247 1420 272 1461 6
287 1414 474 1477 βαλον.
532 1413 780 1482 τυραννὶς,
821 1414 996 1483 χρῆμα
1036 1412 1324 1482 σφαλερόν·
1381 1410 1575 1465 πολλοὶ
1618 1411 1675 1464 δὲ
1722 1412 1876 1479 αὐτῆς

289 1490 504 1560 ἐρασταί
538 1490 662 1543 εἶσι·
707 1493 736 1543 ὁ
777 1492 851 1549 δὲ,
878 1490 1044 1561 γέρων
1082 1511 1139 1542 τε
1179 1491 1271 1557 ἤδη
1310 1490 1392 1542 καὶ
1426 1492 1759 1560 παρηβηκώς.
1806 1490 1869 1559 μὴ

249 1570 390 1641 θδῷς
423 1569 490 1621 τὰ
526 1572 755 1623 σεωυτοῦ
791 1568 958 1639 ἀγαθὰ
992 1564 1268 1621 ἅλλοισι.”
1349 1567 1417 1621 Ἤ
1445 1568 1539 1636 μὲν
1566 1568 1627 1635 δὴ
1656 1569 1724 1621 τὰ
1752 1568 1867 1622 ε’πα-

1955 1256 1971 1419 d

287 1649 573 1719 γωγότατα,
621 1647 925 1717 διδαχθεῖσα
976 1648 1077 1700 ὑπὸ
1130 1650 1222 1699 τοῦ
1272 1648 1484 1717 πατρὸς,
1534 1647 1693 1717 ἔλεγε
1748 1648 1869 1717 πρὸς
1964 1622 1966 1663 Ξ

290 1725 460 1779 αὐτόν.
516 1729 546 1779 6
587 1726 660 1787 δὲ,
690 1726 1100 1795 ὑποκρινάμενος,
1128 1726 1232 1795 ἔφη
1274 1726 1469 1793 οὐδαμὰ
1507 1724 1651 1793 ἥξειν
1691 1725 1747 1780 ἐς
1775 1728 1866 1778 Κό-

290 1802 480 1873 ρινθον,
535 1804 646 1857 ἔστ’
702 1804 764 1858 ἂν
814 1803 1123 1870 πυνθάνηται
1181 1806 1448 1874 περιεόντα
1505 1804 1597 1855 τὸν
1656 1803 1866 1874 πατέρα.

253 1879 704 1951 ἵἈπαγγειλάσης
740 1882 796 1936 δὲ
831 1880 1015 1949 ταύτης
1048 1885 1225 1943 ταῦτα,
1254 1883 1314 1935 τὸ
1350 1882 1524 1952 τρίτον
1558 1882 1872 1953 Περίανδρος

291 1956 479 2027 κήρυκα
504 1958 708 2028 πέμπει,
727 1963 1045 2028 βουλόμενος
1070 1960 1221 2015 αὐτὸς
1245 1982 1338 2028 μεν
1365 1960 1417 2014 ές
1433 1960 1695 2030 Κέρκυραν
1720 1961 1869 2028 ἥκειν·

291 2036 480 2089 ἐκεῖνον
526 2037 583 2089 δὲ
628 2039 838 2091 ἐκέλευε
885 2039 936 2093 ἐς
978 2037 1229 2109 Κόρινθον
1268 2038 1587 2106 ἀπικόμενον,
1632 2039 1872 2109 διάδοχον

254 2122 279 2164 8
293 2113 526 2185 γίνεσθαι
568 2118 657 2184 τῆς
699 2117 1011 2187 τυραννίδος.
1096 2116 1499 2170 Καταινέσαντος
1542 2115 1585 2169 δ’
1629 2116 1716 2170 ε’πι
1758 2116 1867 2170 τού-

292 2214 432 2247 τοισι
471 2198 563 2247 τοῦ
600 2196 798 2260 παιδὸς,
828 2199 858 2248 6
895 2196 990 2264 μὲν
1016 2195 1330 2266 Περίανδρος
1369 2194 1659 2247 ἐστέλλετο
1702 2196 1755 2250 ἐς
1790 2197 1870 2263 τὴν

253 2275 279 2315 ⁹
297 2270 573 2341 Κέρκυραν,
604 2276 633 2325 6
673 2273 730 2325 δὲ
769 2275 888 2328 παῖς
928 2274 979 2326 οἱ
1020 2274 1073 2328 ἐς
1110 2273 1203 2340 τὴν
1230 2273 1497 2343 Κόρινθον.
1546 2273 1797 2341 μαθόντες
1822 2274 1869 2327 δὲ

293 2349 343 2397 οἱ
371 2352 669 2419 Κερκυραῖοι
696 2350 889 2403 τούτων
916 2349 1124 2412 ἕκαστα,
1148 2348 1229 2404 ἵνα
1254 2350 1323 2419 μή
1354 2352 1457 2419 σφι
1485 2351 1849 2423 Περίανδρος’
1825 2375 1869 2407 ες

291 2422 384 2484 τὴν
423 2426 598 2493 χώρην
638 2426 893 2493 ἀπίκηται,
939 2429 1196 2482 κτείνουσι
1238 2431 1329 2482 τὸν
1374 2430 1657 2497 νεηνίσκον.
1739 2429 1868 2484 'Ami

296 2492 485 2550 τούτων
509 2501 602 2564 μὲν
629 2503 941 2572 Περίανδρος
969 2508 1310 2577 Κερκυραίους
1338 2507 1659 2577 ἐτιμωρέετο.

191 2555 272 2605 54
433 2578 811 2647 Λακεδαιμόνιοι
875 2585 935 2637 δὲ
1002 2588 1177 2658 στόλῳ
1241 2587 1450 2657 μεγάλω
1504 2583 1573 2638 ὣς
1624 2584 1873 2651 ἀπίκοντο,

1948 2438 1957 2753 d
