1975 2892
579 118 1231 181 KAE19.—1.197-202.
1583 113 1689 165 111

77 182 147 221 01.
171 182 240 221 60.
266 181 329 230 8.]

80 237 242 289 τωπό
271 233 457 288 τούτου
484 235 575 288 οὖκ
610 258 743 291 ουτω
782 239 915 309 μέγα
949 240 1003 293 τί
1036 243 1085 293 οἶ
1112 242 1296 299 δώσεις
1336 243 1403 300 ὥς
1439 266 1528 314 μιν
1551 248 1686 315 λάμ-

81 316 250 383 ψεαι.
300 313 421 367 ὅσαι
447 314 539 382 μέν
565 337 653 367 νυν
678 314 838 371 εἴδεός
872 339 928 369 τε
963 318 1242 387 ἐπαμμέναι
1277 322 1381 375 εἰσὶ
1413 324 1496 376 καὶ
1528 326 1730 394 'scyti-9

88 393 238 451 θεος,
284 393 420 460 ταχὺ
465 393 913 447 ἀπαλλάσσονται·
975 396 1096 449 ὅσαι
1139 397 1268 451 δὲἇ
1233 399 1461 469 ἄμορφοι
1503 402 1691 455 αὐτέων

90 471 228 530 εἶσὶ,
282 473 473 539 χρόνον
516 474 719 525 πολλὸν
762 473 1138 542 προσμένουσι,
1183 476 1244 527 οὗ
1292 477 1556 544 δυνάμεναι
1603 482 1692 532 τὸν

93 552 263 615 νόμον
301 549 573 615 ἐκπλῆσαι·
626 552 707 603 καὶ
744 552 845 621 γὰρ
886 552 1083 620 τριέτεα
1123 554 1204 605 καὶ
1243 556 1508 623 τετραέτεα
1543 578 1690 650 μετε-

95 628 313 695 ξέτεραι
351 630 539 696 χρόνον
578 628 811 696 μένουσι.
893 627 1103 699 Ἐνιαχῆ
1147 631 1201 683 δὲ
1243 633 1323 685 καὶ
1359 634 1449 700 τῆς
1485 631 1692 705 Κύπρου
1710 641 1760 681 10

98 705 224 756 ἐστὶ
266 702 629 773 παραπλήσιος
674 704 837 778 τούτῳ
880 709 1052 775 νόμος.
1296 711 1462 778 Νόμοι
1499 734 1592 780 μεν
1633 713 1692 781 δὴ
1713 711 1832 763 200

98 784 250 835 τοῖσι
278 782 660 845 Βαβυλωνίοισι
696 783 837 836 οὗτοι
874 787 1198 841 κατεστέασι.
1282 788 1405 841 Εἶσὶ
1441 790 1496 843 δὲ
1532 790 1738 844 αὕτῶν2

98 861 321 929 πατριαὶ
347 863 499 930 τρεῖς,
528 857 581 913 αἳ
607 862 755 914 οὐδὲν
780 862 913 915 ἄλλο
945 865 1198 918 σιτέονται
1227 865 1272 918 εἷ
1296 866 1365 935 μὴ
1394 866 1541 936 ι’χθῦς
1564 873 1692 937 μοῦ-

102 950 217 992 νον·
262 938 383 992 τοὺς
410 938 521 992 ἐπεί
555 961 611 991 τε
646 940 708 992 ἂν
735 939 1071 1010 θηρεύσαντες
1111 942 1336 1011 αὐήνωσι
1371 948 1500 1016 πρὸς
1526 947 1691 1015 ἥλιον,

102 1019 319 1070 ποιεῦσι
345 1017 483 1069 τάδε.
526 1017 859 1081 ε’σβάλλουσι
886 1018 939 1074 ές
965 1020 1145 1088 ὅλμον,
1170 1023 1250 1074 καὶ
1277 1021 1544 1090 λεήναντες
1571 1024 1690 1079 ὖπέ-
1713 1034 1738 1075 8

104 1114 274 1165 ροισι,
300 1099 437 1146 σῶσι
459 1095 542 1147 διὰ
563 1096 815 1151 σινδόνος·
857 1098 938 1150 και
960 1096 1017 1153 ὃς
1041 1120 1135 1167 μεν
1153 1100 1214 1151 ἂν
1233 1098 1484 1169 βούληται
1510 1104 1692 1165 αὐτῶν,

106 1172 204 1225 ὅτε
231 1172 391 1237 μάζαν
408 1172 749 1241 μαξάμενος”
719 1187 844 1242 εχει
891 1178 919 1227 ὁ
947 1176 1086 1235 δε,”
1051 1198 1207 1246 αρτου
1233 1182 1423 1250 τρόπον
1442 1180 1692 1249 ὀπτήσας.

203 1245 297 1302 Ὦς
342 1248 397 1300 δὲ
438 1252 510 1321 τῷ
560 1246 708 1323 Κύρῳ
751 1272 833 1303 και
873 1252 1024 1301 τοῦτο
1071 1250 1132 1302 τὸ
1173 1248 1320 1305 ἔθνος
1362 1253 1698 1323 κατέργαστο,
1718 1255 1827 1311 201

111 1323 409 1393 ἐπεθύμησε
451 1326 800 1395 Μασσαγέτας
842 1326 925 1381 υπ’
961 1330 1133 1402 ἑωυτῷ
1164 1328 1501 1397 ποιήσασθαι.
1544 1334 1604 1385 τὸ
1643 1334 1699 1385 δὲ

113 1404 266 1460 ἔθνος
292 1407 460 1464 τοῦτο,
490 1405 571 1457 καὶ
612 1404 743 1475 μέγα
778 1405 983 1475 λέγεται
1021 1402 1146 1459 εἶναι
1182 1408 1263 1459 καὶ
1298 1408 1529 1475 ὅλκιμον,
1559 1409 1696 1476 οἰκη-

114 1483 273 1550 μένον
316 1482 371 1534 a&
415 1484 546 1551 πρὸς
587 1479 659 1549 ἦῶ
703 1504 756 1534 τε
800 1484 882 1535 καὶ
918 1482 1068 1549 ἡλίου
1111 1484 1378 1544 ἀνατολὰς,
1415 1486 1574 1555 πέρην
1608 1490 1700 1539 τοῦ

115 1560 350 1630 Ἀράξεω
388 1563 636 1627 ποταμοῦ,
679 1560 849 1613 ἀντίον
884 1561 939 1612 δὲ
981 1560 1296 1627 Ἰσσηδόνων
1331 1562 1543 1631 ἀνδρῶν.
1595 1564 1698 1616 εἶσὶ
1721 1580 1745 1619 2

97 1638 179 1692 ,δὲ
210 1635 265 1690 οἵ
294 1658 424 1693 τινες
460 1641 541 1690 καὶ
575 1637 816 1690 Σκυθικὸν
851 1640 1068 1707 λέγουσι
1101 1642 1252 1690 τοῦτο
1288 1641 1346 1691 τὸ
1384 1640 1527 1695 ἔθνος
1553 1637 1695 1693 εἶναι.

125 1712 190 1765 ‘O
238 1712 291 1764 δὲ
330 1710 549 1782 Ἀράξης
589 1712 795 1784 λέγεται
840 1711 923 1764 καὶ
964 1709 1131 1778 μέζων
1170 1714 1253 1766 καὶ
1293 1712 1540 1765 ἐλάσσων
1580 1709 1704 1766 εἶναι
1725 1716 1838 1771 202

124 1798 221 1849 τοῦ
236 1792 470 1863 Ἴστρου·
515 1791 704 1861 νήσους
731 1789 773 1845 δ’
804 1791 859 1845 ἐν
885 1792 1038 1863 αὐτῷ,
1069 1791 1258 1863 Λέσβῳ
1267 1792 1508 1883 μεγάθεα
1539 1814 1701 1862 παρα·

121 1873 369 1939 πλησίας,
402 1873 595 1940 συχνάς
631 1872 769 1939 φασι
806 1865 949 1923 εἶναι.
993 1892 1048 1922 εν
1075 1869 1130 1922 δὲ
1165 1870 1349 1938 αὐτῇσι
1388 1870 1702 1941 ἀνθρώπους,
1725 1883 1752 1924 2

128 1974 181 2006 οι
222 1950 473 2003 σιτέονται
514 1971 607 2017 μεν
630 1948 772 2019 ῥίζας
807 1950 866 2001 τὸ
906 1947 1075 2037 θέρος
1092 1945 1406 2018 ὀρύσσοντες
1440 1950 1700 2005 παντοίας·

131 2028 353 2100 καρποὺς
379 2029 433 2080 δὲ
470 2028 570 2081 ἀπὸ
608 2027 852 2097 δενδρέων
876 2008 1237 2093 ἐξευρημένους
1273 2029 1377 2096 σφι
1412 2026 1466 2082 ές
1501 2028 1709 2125 φορβὴν

132 2105 491 2161 κατατίθεσθαι
534 2104 765 2175 ὡραίους,
796 2126 878 2157 και
912 2102 1123 2158 τούτους
1167 2105 1430 2158 σιτέεσθαι
1472 2106 1564 2172 τὴν
1596 2127 1706 2173 χει-

134 2183 353 2255 μερινήν.
415 2185 553 2237 ἄλλα
600 2183 657 2236 δέ
711 2184 813 2251 σφι
864 2181 1172 2251 ἐξευρῆσθαι
1219 2182 1442 2252 δένδρεα,
1492 2182 1712 2251 καρποὺς
1732 2196 1757 2237 8

137 2260 374 2317 τοιούσδε
419 2263 557 2317 τινὰς
610 2261 852 2330 φέροντα,
901 2260 1038 2320 τοὺς,
1086 2256 1200 2311 ε’πεί
1251 2280 1308 2311 τε
1360 2258 1422 2311 ἂν
1446 2257 1500 2313 ἐς
1550 2260 1712 2311 τώυτὸ

141 2340 433 2396 συνέλθωσι
475 2340 601 2393 κατα
644 2336 807 2399 ειλας,
845 2339 926 2391 καὶ
967 2340 1072 2407 πῦρ
1110 2333 1508 2397 ἀνακαύσωνται,
1545 2334 1714 2409 κύκλῳ

140 2418 513 2490 περιῒζομένους
556 2418 857 2481 ἐπιβάλλειν
891 2414 977 2469 ἔπι
1013 2416 1071 2467 τὸ
1107 2417 1228 2485 πῦρ·
1279 2414 1716 2483 ὀσφραινομένους

145 2500 199 2552 δε
228 2496 615 2568 καταγιζομένου
641 2498 733 2547 τοῦ
761 2498 955 2564 καρποῦ
980 2496 1074 2544 τοῦ
1100 2489 1531 2558 ἐπιβαλλομένου,
1558 2490 1716 2560 μεθύ-

147 2575 364 2631 σκεσθαι
398 2578 461 2643 τῇ
493 2574 642 2642 ὀδμῇ,
671 2574 895 2642 κατάπερ
927 2569 1188 2636 Ἕλληνας
1224 2570 1294 2641 τῷ
1319 2566 1460 2642 οἵνω.
1501 2572 1719 2625 πλεῦνος
1740 2580 1766 2620 4
