1975 2892
226 29 343 88 218
798 41 1200 85 ΗΡοΔοΤοΥ

1440 99 1510 146 [A.
1527 100 1573 137 c.
1594 102 1805 141 569—526.

94 154 203 211 181
357 152 687 221 Κυρηναίοισι
740 150 796 202 δέ
843 147 1072 217 Ἀμασις
1123 154 1378 220 φιλότητά
1428 175 1483 206 τε
1539 157 1620 206 καὶ
1676 175 1808 220 συμ-

228 234 421 302 μαχίην
461 231 794 299 συνεθήκατο.
853 231 1120 283 ἐδικαίωσε
1160 232 1216 284 δέ
1258 233 1338 283 καὶ
1376 233 1534 300 γῆμαι
1581 233 1815 290 αὐτόθεν,

230 309 317 365 εἶτ’
362 309 679 378 ἐπιθυμήσας
717 309 1022 377 Ἑλληνίδος
1066 311 1319 380 γυναικὸς,
1363 307 1463 363 ε’ίτε
1509 310 1593 362 καὶ
1639 310 1818 363 ἄλλως

184 391 515 459 πφιλότητος
568 388 862 459 Κυρηναίων
915 385 1095 440 ε’ίνεκα.
1158 388 1334 457 γαμέει
1388 385 1431 440 δ’
1480 387 1568 446 ὧν,
1619 389 1671 439 οἱ
1725 410 1819 455 μεν

228 467 451 539 λέγουσι
497 469 715 532 Βάττεω,
766 489 815 520 οι
868 465 910 518 δ’
957 465 1272 536 Ἀρκεσίλεω
1320 466 1690 536 θυγατέρα,οί
1740 467 1818 526 δὲ,

231 544 608 617 Κριτοβούλου,
638 546 818 614 ἀνδρὸς
844 549 944 596 τῶν
964 545 1144 606 ἀστῶν
1172 545 1398 610 δοκίμου
1443 547 1504 612 τῇ
1533 546 1728 611 οὔνομα
1755 542 1822 610 ἦν

187 625 438 692 δΛαδίκη.
494 625 557 692 τῇ
596 623 707 676 ἐπεί
744 645 800 674 τε
840 623 1169 715 συγκλίνοιτο
1211 625 1240 674 6
1255 620 1498 690 ”,Αμασις
1527 621 1824 692 μίσγεσθαι

192 749 198 755 .
231 703 323 755 οὐκ
362 698 471 757 οἶός
510 723 566 754 τε
606 700 823 770 ἐγενετο·
872 705 996 767 τῇσι
1033 701 1088 753 δέ
1125 700 1322 768 ἄλλῃσι
1355 699 1557 770 γυναιξὶ
1595 701 1814 770 ἐχρᾶτο.

229 779 344 834 ἐπεί
377 802 435 832 τε
470 779 526 832 δέ
560 781 764 832 πολλὸν
796 781 949 831 τοῦτο
987 778 1200 848 ἐγίνετο,
1231 773 1340 830 εἶπε
1375 782 1404 831 6
1420 776 1648 846 ’Ἄμασις
1683 780 1823 848 πρὸς

152 855 322 925 ’ίτὴν
361 857 581 923 Λαδίκην
619 854 805 923 ταύτην
845 858 1170 924 καλεομένην·
1231 853 1347 910 “Ὠ
1385 855 1550 926 γύναι,
1582 858 1710 909 κατά
1749 879 1824 924 με

231 935 549 1006 ἐφάρμαξας,
579 935 661 986 καὶ
698 936 811 987 ἔστι
848 955 928 987 τοι
963 935 1173 1002 οὐδεμία
1206 935 1406 1003 μηχανὴ
1447 935 1515 1002 μὴ
1555 935 1646 986 οὐκ
1681 935 1820 988 ἀπο-

189 1014 452 1067 ὀλωλέναι
488 1015 704 1066 κάκιστα
737 1012 1012 1084 γυναικέων
1047 1009 1316 1066 πασέων.”
1397 1011 1465 1065 ‘H
1507 1014 1562 1066 δέ
1599 1013 1820 1080 Λαδίκη,

231 1091 343 1147 ἐπεί
367 1091 425 1144 τέ
450 1093 498 1144 οἱ
524 1091 797 1161 ἀρνευμένῃ
816 1091 963 1144 οὐδὲν
989 1091 1182 1161 ἐγίνετο
1209 1087 1491 1162 πρηΰτερος
1517 1095 1546 1144 6
1562 1089 1818 1159 ”Αμασις,

231 1172 433 1239 εὔχεται
466 1169 519 1222 ἐν
545 1173 616 1242 τῷ
654 1171 751 1241 νόῳ
788 1174 850 1236 τῇ
874 1169 1178 1239 Ἀφροδίτῃ,
1209 1171 1268 1236 ἤν
1304 1171 1354 1222 οἷ
1391 1168 1468 1222 ἐπ’
1497 1169 1688 1236 ἐκείνην
1724 1170 1824 1237 τὴν

232 1247 385 1303 νύκτα
409 1247 569 1317 μιχθῇ
595 1243 885 1315 ὁ”Λμασις,
914 1251 1066 1300 τοῦτο
1092 1249 1192 1318 γάρ
1221 1249 1270 1300 οἶ
1297 1251 1450 1300 κακοῦ
1477 1243 1600 1300 εἶναι
1626 1249 1820 1316 μῆχος,

191 1335 217 1376 6
234 1327 439 1398 ἄγαλμά
465 1328 512 1378 οἶ
540 1325 869 1394 ἀποπέμψειν
902 1327 953 1381 ἐς
980 1325 1228 1396 Κυρήνην.
1285 1327 1412 1395 μετὰ
1449 1326 1505 1378 δέ
1539 1326 1631 1392 τὴν
1655 1326 1826 1394 εὐχὴν

233 1405 413 1459 αὐτίκα
438 1405 487 1458 οἱ
516 1403 697 1472 ἐμίχθη
726 1402 1020 1472 ὁ”Αμασις’
1065 1405 1148 1456 καὶ
1183 1407 1242 1457 τὸ
1279 1403 1508 1457 ἐνθεῦτεν
1543 1405 1636 1472 ἤδη
1666 1407 1822 1457 ὁκότε

231 1483 386 1537 ἔλθοι
410 1484 539 1554 πρὸς
566 1482 736 1550 αὐτὴν,
754 1481 1016 1554 ἐμίσγετο·
1051 1483 1132 1535 καὶ
1159 1484 1318 1553 κάρτα
1343 1503 1428 1550 μιν
1447 1481 1664 1552 ἔστερξε,
1685 1485 1820 1550 μετὰ

188 1577 214 1624 τ
233 1565 403 1616 τοῦτο.
459 1560 489 1629 ἦ
528 1561 583 1614 δέ
611 1560 798 1628 Λαδίκη
834 1561 1061 1628 ἀπέδωκε
1095 1559 1186 1628 τὴν
1220 1561 1377 1629 εὐχὴν
1401 1560 1464 1628 τῇ
1491 1561 1608 1632 θεῷ.
1663 1581 1817 1628 ποιη-

233 1639 425 1708 σαμένη
452 1641 552 1710 γὰρ
578 1638 784 1709 ἄγαλμα
810 1639 1088 1709 ἀπέπεμψε
1115 1639 1166 1694 ἐς
1193 1637 1441 1709 Κυρήνην,
1464 1641 1522 1691 τὸ
1550 1639 1624 1691 ἔτι
1651 1640 1738 1692 καὶ
1765 1639 1816 1695 ἐς

233 1718 321 1786 ἐμὲ
357 1716 419 1786 ἦν
456 1720 599 1778 σόον,
630 1717 729 1783 ἔξω
769 1717 1110 1788 τετραμμένον
1149 1721 1240 1770 τοῦ
1269 1717 1562 1788 Κυρηναίων
1601 1717 1814 1774 αστεος.

186 1812 213 1855 8
234 1794 417 1864 ταύτην
455 1795 546 1863 τὴν
585 1795 821 1863 Λαδίκην,
862 1795 931 1850 ὦς
974 1795 1289 1867 ἐπεκράτησε
1330 1793 1614 1894 Καμβύσης
1651 1794 1814 1866 Αἷγῦ-

230 1895 380 1934 πτου,
412 1874 493 1926 καὶ
520 1871 733 1927 ἐπύθετο
760 1874 913 1941 αὐτῆς
949 1873 983 1942 ἤ
1016 1895 1093 1928 τις
1129 1895 1221 1941 ειη,
1249 1874 1584 1943 ἀπέπεμψε’
1553 1873 1736 1926 ασινέα
1763 1875 1818 1930 ἐς

95 1949 211 2005 182
234 1949 481 2022 Κυρήνην.
720 1950 957 2019 Ἀνέθηκε
990 1952 1046 2005 δε
1087 1953 1168 2004 και
1203 1951 1496 2020 ἀναθήματα
1531 1955 1558 2004 6
1582 1949 1817 2020 ”Λμασις

232 2031 284 2085 ἐς
323 2029 415 2097 τὴν
447 2027 695 2083 Ἐλλάδα·
753 2034 905 2083 τοῦτο
944 2030 1057 2098 μέν,
1087 2027 1140 2086 ἐς
1179 2028 1410 2100 Κυρήνην
1447 2029 1720 2102 ἄγαλμ’
1695 2032 1812 2084 επί-

229 2130 431 2180 χρυσον
454 2106 738 2175 Ἀθηναίης,
768 2108 850 2160 καὶ
877 2108 1042 2161 εἰκόνα
1069 2111 1257 2162 ἑωυτοῦ
1283 2110 1460 2179 γραφῇ
1488 2108 1808 2176 εἰκασμένην·

231 2191 383 2240 τοῦτο
411 2186 485 2248 δέ,
503 2187 565 2254 τῇ
590 2185 647 2239 ἐν
662 2186 828 2258 Λίνδω
855 2186 1094 2254 Ἀθηναίῃ
1124 2184 1214 2240 δύο
1241 2209 1297 2240 τε
1322 2187 1592 2254 ἀγάλματα
1616 2186 1808 2248 λίθινα,

186 2272 213 2312 2
232 2266 313 2314 καὶ
353 2263 551 2333 θώρηκα
590 2263 762 2316 λίνεον
800 2264 1116 2331 ἀξιοθέητον·
1173 2268 1325 2318 τοῦτο
1365 2261 1429 2362 δζ,
1458 2263 1513 2320 ἐς
1539 2266 1710 2333 Σάμον
1750 2268 1812 2334 τῇ

224 2337 361 2405 Ἥρῃ
390 2341 582 2394 εἰκόνας
607 2341 799 2394 εωυτοῦ
827 2342 1076 2411 διφασίας
1102 2343 1328 2410 ξυλίνας,
1357 2365 1408 2396 αι
1435 2342 1490 2396 ἐν
1515 2345 1585 2416 τῷ
1613 2349 1716 2416 νηῷ
1741 2346 1814 2417 τῷ

229 2416 437 2484 μεγάλῳ
484 2415 689 2487 ἱδρύατο
736 2420 809 2470 ἔτι
858 2421 939 2472 καὶ
976 2422 1038 2473 τὸ
1076 2443 1257 2492 μεχρις
1295 2420 1434 2491 ἐμεῦ,
1475 2420 1664 2474 ὄπισθε
1708 2429 1813 2476 τῶν

185 2490 213 2530 ⁸
232 2481 439 2550 θυρέων·
494 2490 548 2545 ἐς
587 2494 681 2560 μέν
722 2517 811 2548 νυν
852 2498 1020 2565 Σάμον
1061 2499 1270 2568 ἀνέθηκε
1317 2500 1442 2555 κατὰ
1487 2500 1676 2568 ξεινίην
1718 2500 1812 2569 τὴν
