1975 2892
469 123 1377 189 MEAHOMENH.——1v.80-85.
1603 126 1717 181 345

129 183 195 222 01.
216 181 276 224 66.
294 181 430 224 2--58-
451 179 510 232 ἰ]

133 237 295 289 θεῖναι
339 240 394 294 ἐς
431 243 520 294 τὸν
553 240 867 311 Ἐξαμπαῖον
904 247 1103 299 τοῦτον.
1166 250 1323 300 ταῦτα
1363 242 1423 314 δὴ
1462 249 1580 319 περὶ
1618 251 1713 303 τοῦ

129 313 380 414 πλήθεος,
403 321 494 371 τοῦ
536 321 766 374 Σκυθέων
810 325 1013 389 ἤκουον.
1238 327 1517 393 Θωυμάσια
1568 327 1625 379 δὲ
1677 325 1707 393 ἦ
1728 335 1805 386 82

127 394 276 462 χώρη
315 392 439 463 αὕτη
481 397 572 450 οὔκ
612 399 737 466 ἔχει,
770 401 930 470 χωρὶς
961 399 990 468 ἦ
1029 400 1107 454 ὅτι
1146 401 1404 470 ποταμούς
1433 423 1490 455 τε
1524 406 1708 477 πολλῷ

125 471 422 540 μεγίστους,
461 475 540 527 και
573 475 787 545 ἀριθμὸν
823 477 1123 534 πλείστους.
1180 475 1209 532 ὃ
1246 480 1301 532 δὲ
1338 479 1705 548 ἇποθωυμάσαι
1726 494 1751 533 2

125 548 274 613 ἄξιον
315 551 396 602 καὶ
441 553 606 621 πάρεξ
651 559 751 607 τῶν
792 561 1034 622 ποταμῶν
1072 559 1153 610 καὶ
1192 560 1285 609 τοῦ
1328 558 1574 627 μεγάθεος
1613 563 1707 612 τοῦ

123 625 306 679 πεδίου
336 629 629 698 παρέχεται,
660 630 934 701 εἰρήσεται·
978 631 1123 703 ἴχνος
1146 633 1430 704 Ἡρακλέος
1456 636 1703 704 φαίνουσι

125 703 184 755 ἐν
215 704 374 774 πέτρῃ
413 706 566 769 ἐνεὸν,
595 710 656 762 τὸ
695 705 802 762 οἶκε
838 711 932 778 μὲν
954 711 1148 780 βήματι
1187 713 1443 782 ἅνδρὸς,”
1414 733 1527 766 εστι
1560 715 1617 766 δὲ
1642 717 1701 768 τὸ

120 780 346 851 μέγαθος
371 783 580 853 δίπηχυ,
607 786 747 856 παρὰ
782 789 870 841 τὸν
895 788 1061 860 Τυρην
1092 793 1339 859 ποταμόν.
1422 795 1583 845 Τοῦτο
1609 793 1701 861 μέν
1720 801 1747 842 3

122 879 213 911 νυν
238 864 439 914 τοιοῦτό
475 864 608 916 ἐστι.
651 864 973 935 ἀναβήσομαι
1002 869 1113 921 δὲ’
1084 891 1137 924 ες
1166 868 1255 922 τὸν
1287 868 1394 922 κατ’
1420 869 1583 939 ἀρχὰς
1608 873 1701 938 ἤῖα

117 935 290 1002 λέξων
313 940 494 1006 λόγον.

199 1012 718 1082 Παρασκευαζομένου
771 1015 987 1077 Δαρείου
1042 1016 1126 1068 ε’πὶ
1176 1014 1296 1070 τοὺς
1348 1015 1557 1076 Σκύθας,
1614 1019 1695 1071 καὶ
1720 1019 1797 1074 83

119 1088 492 1157 ἐπιπέμποντος
535 1092 788 1162 ἀγγέλους
839 1094 1169 1160 ἐπιτάξοντας
1218 1097 1357 1146 τοῖσι
1402 1095 1494 1161 μὲν
1544 1095 1697 1160 πεζὸν

120 1170 361 1237 στρατὸν,
405 1170 544 1222 τοῖσι
587 1171 643 1221 δὲ
685 1171 796 1226 νέας
837 1171 1096 1240 παρέχειν,
1127 1192 1266 1224 τοισι
1301 1172 1357 1224 δὲ
1394 1170 1697 1242 ζεύγνυσθαι

117 1246 209 1297 τὸν
260 1241 499 1316 Θρηΐκιον
551 1249 837 1318 Βόσπορον·
905 1249 1222 1319 Ἀρτάβανος
1272 1252 1301 1302 6
1352 1249 1691 1312 Ὑστάσπεος,

113 1321 373 1392 ἀδελφεὸς
415 1325 511 1376 ε’ὤν
551 1325 787 1395 Δαρείου,
831 1327 1013 1398 εχρῃζε
1058 1329 1295 1395 μηδαμῶς
1335 1327 1489 1380 αὐτὸν
1533 1349 1691 1396 στρα-

114 1421 260 1468 τηιην
299 1403 382 1455 ε’πὶ
429 1400 620 1457 Σκύθας
661 1403 942 1464 ποιέεσθαι,
989 1405 1281 1475 καταλέγων
1325 1409 1426 1456 τῶν
1465 1403 1694 1458 Σκυθέων

113 1478 208 1546 τὴν
233 1479 461 1550 ἀπορίην
505 1479 644 1540 ἀλλ’,
673 1481 734 1533 οὗ
761 1503 863 1552 γαρ
890 1481 1059 1536 ἔπειθε
1086 1479 1457 1548 συμβουλεύων
1482 1504 1531 1534 οι
1562 1501 1687 1551 χρη·-
1713 1496 1739 1535 2

114 1557 236 1615 στὰ,
265 1561 296 1610 6
330 1579 423 1626 μεν
458 1557 727 1612 ἐπέπαυτο·
773 1562 801 1610 6
839 1559 910 1619 δὲ,
946 1558 1118 1626 ἐπειδή
1154 1561 1205 1611 οἱ
1240 1559 1303 1611 τὰ
1336 1560 1500 1624 πάντα
1532 1580 1688 1628 παρε·

111 1633 391 1696 ‹rafiam-0,
422 1635 666 1703 ἐξήλαυνε
693 1637 782 1688 τὸν
809 1638 1031 1707 στρατὸν
1058 1637 1111 1688 ἐκ
1140 1635 1367 1689 Σοΰσων.
1574 1636 1687 1690 Ἐν·
1712 1641 1791 1693 84

111 1711 274 1766 θαῦτα
314 1719 415 1766 τῶν
455 1714 702 1783 Περσέων
746 1714 995 1779 Οἰόβαζος
1038 1711 1215 1780 ε’δεήθη
1258 1713 1493 1784 Δαρείου,
1538 1716 1691 1784 τριῶν

110 1790 298 1843 ἐόντων
323 1793 372 1843 οἱ
397 1791 610 1852 παίδων,
641 1793 721 1844 καὶ
754 1793 956 1845 πάντων
983 1792 1412 1862 στρατευομένων,
1443 1793 1529 1846 ἕνα
1554 1793 1689 1865 αὐτῷ

108 1869 528 1938 καταλειφθῆναι.
572 1873 601 1922 6
631 1871 688 1923 δέ
712 1871 762 1922 οἱ
788 1871 908 1938 ἔφη,
940 1870 1007 1924 ὣς
1032 1870 1179 1942 φίλῳ
1206 1870 1338 1922 ε’όντι
1365 1871 1446 1922 καὶ
1471 1871 1689 1940 μετρίων
1708 1883 1733 1922 2

108 1945 349 2018 δεομένῳ,
390 1949 583 2002 πάντας
623 1947 742 2002 τοὺς
782 1949 964 2002 παῖδας
1007 1947 1357 2018 καταλείψειν.
1421 1951 1450 2001 6
1490 1949 1584 2016 μὲν
1625 1948 1686 2016 δὴ
1708 1961 1732 2000 3

107 2023 366 2090 Οἰόβαζος,
397 2025 676 2095 περιχαρὴς
713 2023 791 2092 ἦν,
822 2025 1051 2090 ἐλπίζων
1087 2026 1207 2080 τοὺς
1243 2025 1380 2080 υἱέας
1415 2021 1689 2096 στρατηίης

104 2100 485 2155 ἀπολελύσθαι·
529 2105 557 2155 6
585 2103 640 2156 δὲ
669 2103 916 2155 ἐκέλευσε
942 2102 1064 2157 τοὺς
1098 2103 1415 2159 ἐπεστεῶτας
1450 2105 1683 2158 ἀποκτεῖ-

103 2199 186 2232 ναι
225 2181 418 2235 πάντας
454 2180 574 2234 τοὺς
615 2180 870 2245 Οἰοβάζου
909 2181 1109 2235 παῖδας.
1152 2181 1235 2233 καὶ
1269 2179 1409 2232 οὗτοι
1438 2181 1530 2248 μὲν
1556 2181 1682 2234 (ἰπο-

105 2258 415 2325 σφαγέντες,
445 2258 600 2310 aive-00
627 2279 782 2324 ταυτῃ
811 2257 1073 2310 ἐλίποντο.

192 2339 408 2404 Δαρεῖος
453 2337 510 2390 δε
559 2337 670 2390 ἐπεί
712 2359 769 2390 τε
813 2339 1151 2402 πορευόμενος
1203 2334 1259 2387 ἐκ
1311 2332 1521 2386 Σούσων
1566 2332 1683 2386 ἀπί-

103 2430 222 2462 κετο
249 2411 338 2476 τῆς
365 2407 718 2476 Καλχηδονίης
753 2408 836 2461 ἐπὶ
873 2409 960 2460 τὸν
986 2409 1275 2475 Βόσπορον,
1304 2403 1385 2458 ἵνα
1419 2403 1679 2471 ἔζευκτο*
1652 2427 1683 2473 η

102 2488 327 2560 γέφυρα,
357 2485 587 2539 ἐνθεῦτεν
622 2483 785 2548 ἐσβὰς
821 2485 873 2538 ές
909 2485 1012 2544 νέα,
1042 2485 1195 2536 επλεε
1230 2483 1313 2536 ε’πι
1348 2483 1437 2537 τὰς
1464 2483 1686 2538 Κυανέας

105 2564 430 2634 καλευμένας,
451 2565 544 2619 τὰς
561 2564 810 2634 πρότερον
827 2561 1091 2634 πλαγκτὰς
1107 2559 1361 2628 Ἕλληνές
1380 2562 1517 2630 φασι
1538 2556 1679 2615 εἶναι.
