<?xml version="1.0" encoding="UTF-8"?>
<!DOCTYPE html PUBLIC "-//W3C//DTD XHTML 1.0 Transitional//EN"
    "http://www.w3.org/TR/xhtml1/DTD/xhtml1-transitional.dtd">
<html xmlns="http://www.w3.org/1999/xhtml" xml:lang="en" lang="en">
 <head>
  <title>
</title>
<meta http-equiv="Content-Type" content="text/html;charset=utf-8" />
  <meta name='ocr-system' content='tesseract 3.04.00' />
  <meta name='ocr-capabilities' content='ocr_page ocr_carea ocr_par ocr_line ocrx_word'/>
</head>
<body>
  <div class='ocr_page' id='page_1' title='image "./herodotihistori00westgoog_0134.png"; bbox 0 0 1975 2892; ppageno 0'>
   <div class='ocr_carea' id='block_1_1' title="bbox 266 122 1248 177">
    <p class='ocr_par' dir='ltr' id='par_1_1' title="bbox 266 122 1248 177">
     <span class='ocr_line' id='line_1_1' title="bbox 266 122 1248 177; baseline -0.002 0"><span class='ocrx_word' id='word_1_1' title='bbox 266 122 343 177; x_wconf 78' lang='lat'>92</span> <span class='ocrx_word' id='word_1_2' title='bbox 840 130 1248 176; x_wconf 82' lang='grc' dir='ltr'>ΗΡΟΔΟΤΟΥ</span> 
     </span>
    </p>
   </div>
   <div class='ocr_carea' id='block_1_2' title="bbox 138 238 1967 2639">
    <p class='ocr_par' dir='ltr' id='par_1_2' title="bbox 231 238 1890 699">
     <span class='ocr_line' id='line_1_2' title="bbox 265 238 1888 313; baseline -0.002 -19"><span class='ocrx_word' id='word_1_3' title='bbox 265 244 407 313; x_wconf 88' lang='grc' dir='ltr'>μόρω</span> <span class='ocrx_word' id='word_1_4' title='bbox 446 238 803 311; x_wconf 76' lang='grc' dir='ltr'>διεχρήσαντο.</span> <span class='ocrx_word' id='word_1_5' title='bbox 848 241 898 293; x_wconf 79' lang='grc' dir='ltr'>οἷ</span> <span class='ocrx_word' id='word_1_6' title='bbox 938 240 994 293; x_wconf 80' lang='grc' dir='ltr'>δὲ</span> <span class='ocrx_word' id='word_1_7' title='bbox 1023 240 1188 293; x_wconf 76' lang='grc' dir='ltr'>αὐτῶν</span> <span class='ocrx_word' id='word_1_8' title='bbox 1213 239 1269 295; x_wconf 80' lang='grc' dir='ltr'>ἔς</span> <span class='ocrx_word' id='word_1_9' title='bbox 1294 240 1354 292; x_wconf 86' lang='grc' dir='ltr'>τὸ</span> <span class='ocrx_word' id='word_1_10' title='bbox 1383 238 1584 310; x_wconf 72' lang='grc' dir='ltr'>Ῥήγιον</span> <span class='ocrx_word' id='word_1_11' title='bbox 1621 241 1888 307; x_wconf 84' lang='grc' dir='ltr'>καταφυ-</span> 
     </span>
     <span class='ocr_line' id='line_1_3' title="bbox 263 316 1890 390; baseline -0.001 -19"><span class='ocrx_word' id='word_1_12' title='bbox 263 323 459 390; x_wconf 79' lang='grc' dir='ltr'>γόντες,</span> <span class='ocrx_word' id='word_1_13' title='bbox 488 318 721 371; x_wconf 79' lang='grc' dir='ltr'>ἐνθεῦτεν</span> <span class='ocrx_word' id='word_1_14' title='bbox 760 320 1090 386; x_wconf 82' lang='grc' dir='ltr'>ὁρμεώμενοι,</span> <span class='ocrx_word' id='word_1_15' title='bbox 1121 316 1406 385; x_wconf 78' lang='grc' dir='ltr'>ἐκτήσαντο</span> <span class='ocrx_word' id='word_1_16' title='bbox 1441 319 1600 371; x_wconf 87' lang='grc' dir='ltr'>πόλιν</span> <span class='ocrx_word' id='word_1_17' title='bbox 1633 318 1740 387; x_wconf 74' lang='grc' dir='ltr'>γῆς</span> <span class='ocrx_word' id='word_1_18' title='bbox 1781 318 1890 383; x_wconf 82' lang='grc' dir='ltr'>τῆς</span> 
     </span>
     <span class='ocr_line' id='line_1_4' title="bbox 231 393 1883 466; baseline -0.002 -15"><span class='ocrx_word' id='word_1_19' title='bbox 231 396 542 466; x_wconf 73' lang='grc' dir='ltr'>ῦΟἶνωτρίης</span> <span class='ocrx_word' id='word_1_20' title='bbox 577 393 780 462; x_wconf 85' lang='grc' dir='ltr'>ταύτην,</span> <span class='ocrx_word' id='word_1_21' title='bbox 810 394 921 463; x_wconf 75' lang='grc' dir='ltr'>ἥτις</span> <span class='ocrx_word' id='word_1_22' title='bbox 959 398 1049 449; x_wconf 83' lang='grc' dir='ltr'>νῦν</span> <span class='ocrx_word' id='word_1_23' title='bbox 1072 393 1224 463; x_wconf 68' lang='grc' dir='ltr'>’Υέλη</span> <span class='ocrx_word' id='word_1_24' title='bbox 1259 395 1513 447; x_wconf 79' lang='grc' dir='ltr'>καλέεται.</span> <span class='ocrx_word' id='word_1_25' title='bbox 1557 395 1782 447; x_wconf 78' lang='grc' dir='ltr'>ἔκτισαν</span> <span class='ocrx_word' id='word_1_26' title='bbox 1817 395 1883 447; x_wconf 74' lang='grc' dir='ltr'>δὲ</span> 
     </span>
     <span class='ocr_line' id='line_1_5' title="bbox 266 470 1888 544; baseline -0.001 -18"><span class='ocrx_word' id='word_1_27' title='bbox 266 471 473 542; x_wconf 89' lang='grc' dir='ltr'>ταύτην,</span> <span class='ocrx_word' id='word_1_28' title='bbox 508 476 636 544; x_wconf 88' lang='grc' dir='ltr'>πρὸς</span> <span class='ocrx_word' id='word_1_29' title='bbox 672 473 857 543; x_wconf 79' lang='grc' dir='ltr'>ἀνδρὸς</span> <span class='ocrx_word' id='word_1_30' title='bbox 893 470 1318 540; x_wconf 76' lang='grc' dir='ltr'>Ποσειδωνιήτεω</span> <span class='ocrx_word' id='word_1_31' title='bbox 1357 472 1618 539; x_wconf 90' lang='grc' dir='ltr'>μαθόντες,</span> <span class='ocrx_word' id='word_1_32' title='bbox 1661 472 1740 527; x_wconf 81' lang='grc' dir='ltr'>ὧς</span> <span class='ocrx_word' id='word_1_33' title='bbox 1782 474 1888 525; x_wconf 86' lang='grc' dir='ltr'>τὸν</span> 
     </span>
     <span class='ocr_line' id='line_1_6' title="bbox 269 548 1884 622; baseline -0.001 -18"><span class='ocrx_word' id='word_1_34' title='bbox 269 549 467 622; x_wconf 89' lang='grc' dir='ltr'>Κύρνον</span> <span class='ocrx_word' id='word_1_35' title='bbox 494 552 600 621; x_wconf 88' lang='grc' dir='ltr'>σφι</span> <span class='ocrx_word' id='word_1_36' title='bbox 635 549 665 618; x_wconf 83' lang='grc' dir='ltr'><strong><em>ἦ</em></strong></span> <span class='ocrx_word' id='word_1_37' title='bbox 705 549 869 617; x_wconf 82' lang='grc' dir='ltr'>Πυθίη</span> <span class='ocrx_word' id='word_1_38' title='bbox 910 552 1104 620; x_wconf 81' lang='grc' dir='ltr'>ἔχρησε</span> <span class='ocrx_word' id='word_1_39' title='bbox 1145 551 1318 603; x_wconf 81' lang='grc' dir='ltr'>κτίσαι</span> <span class='ocrx_word' id='word_1_40' title='bbox 1357 550 1493 619; x_wconf 82' lang='grc' dir='ltr'>ἥρων</span> <span class='ocrx_word' id='word_1_41' title='bbox 1529 548 1700 610; x_wconf 85' lang='grc' dir='ltr'>ε’όντα,</span> <span class='ocrx_word' id='word_1_42' title='bbox 1743 549 1884 602; x_wconf 76' lang='grc' dir='ltr'>ἀλλ’</span> 
     </span>
     <span class='ocr_line' id='line_1_7' title="bbox 266 623 1882 699; baseline -0.002 -17"><span class='ocrx_word' id='word_1_43' title='bbox 266 630 327 682; x_wconf 85' lang='grc' dir='ltr'>οὗ</span> <span class='ocrx_word' id='word_1_44' title='bbox 374 629 467 697; x_wconf 86' lang='grc' dir='ltr'>τὴν</span> <span class='ocrx_word' id='word_1_45' title='bbox 510 631 688 698; x_wconf 81' lang='grc' dir='ltr'>νῆσον.</span> <span class='ocrx_word' id='word_1_46' title='bbox 751 626 979 694; x_wconf 76' lang='grc' dir='ltr'>Φωκαίης</span> <span class='ocrx_word' id='word_1_47' title='bbox 1025 628 1118 696; x_wconf 84' lang='grc' dir='ltr'>μέν</span> <span class='ocrx_word' id='word_1_48' title='bbox 1159 650 1248 681; x_wconf 88' lang='grc' dir='ltr'>νυν</span> <span class='ocrx_word' id='word_1_49' title='bbox 1297 628 1415 699; x_wconf 88' lang='grc' dir='ltr'>πέρι</span> <span class='ocrx_word' id='word_1_50' title='bbox 1459 630 1550 695; x_wconf 85' lang='grc' dir='ltr'>τῆς</span> <span class='ocrx_word' id='word_1_51' title='bbox 1591 626 1650 680; x_wconf 79' lang='grc' dir='ltr'>έν</span> <span class='ocrx_word' id='word_1_52' title='bbox 1696 623 1882 695; x_wconf 80' lang='grc' dir='ltr'>Ἰωνίῃ</span> 
     </span>
    </p>

    <p class='ocr_par' dir='ltr' id='par_1_3' title="bbox 142 704 1967 1239">
     <span class='ocr_line' id='line_1_8' title="bbox 142 704 1880 776; baseline -0.002 -15"><span class='ocrx_word' id='word_1_53' title='bbox 142 707 255 762; x_wconf 87' lang='grc'>168</span> <span class='ocrx_word' id='word_1_54' title='bbox 276 705 439 763; x_wconf 80' lang='grc' dir='ltr'>οὕτως</span> <span class='ocrx_word' id='word_1_55' title='bbox 464 709 612 776; x_wconf 82' lang='grc' dir='ltr'>ἔσχε.</span> <span class='ocrx_word' id='word_1_56' title='bbox 854 705 1206 776; x_wconf 79' lang='grc' dir='ltr'>Παραπλήσια</span> <span class='ocrx_word' id='word_1_57' title='bbox 1241 706 1298 759; x_wconf 82' lang='grc' dir='ltr'>δὲ</span> <span class='ocrx_word' id='word_1_58' title='bbox 1323 705 1556 758; x_wconf 86' lang='grc' dir='ltr'>τούτοισι</span> <span class='ocrx_word' id='word_1_59' title='bbox 1595 706 1678 757; x_wconf 82' lang='grc' dir='ltr'>καὶ</span> <span class='ocrx_word' id='word_1_60' title='bbox 1717 704 1880 771; x_wconf 81' lang='grc' dir='ltr'>Τήῖοι</span> 
     </span>
     <span class='ocr_line' id='line_1_9' title="bbox 268 780 1878 854; baseline 0 -17"><span class='ocrx_word' id='word_1_61' title='bbox 268 783 540 851; x_wconf 79' lang='grc' dir='ltr'>ἐποίησαν.</span> <span class='ocrx_word' id='word_1_62' title='bbox 596 783 713 837; x_wconf 79' lang='grc' dir='ltr'>ἔπεί</span> <span class='ocrx_word' id='word_1_63' title='bbox 751 804 808 837; x_wconf 89' lang='grc' dir='ltr'>τε</span> <span class='ocrx_word' id='word_1_64' title='bbox 840 785 941 854; x_wconf 78' lang='grc' dir='ltr'>γάρ</span> <span class='ocrx_word' id='word_1_65' title='bbox 980 785 1163 851; x_wconf 88' lang='grc' dir='ltr'>σφεων</span> <span class='ocrx_word' id='word_1_66' title='bbox 1199 780 1316 836; x_wconf 83' lang='grc' dir='ltr'>εἷλε</span> <span class='ocrx_word' id='word_1_67' title='bbox 1356 784 1556 852; x_wconf 78' lang='grc' dir='ltr'>χώματι</span> <span class='ocrx_word' id='word_1_68' title='bbox 1585 784 1646 835; x_wconf 84' lang='grc' dir='ltr'>τὸ</span> <span class='ocrx_word' id='word_1_69' title='bbox 1681 785 1878 851; x_wconf 79' lang='grc' dir='ltr'>τεῖχος</span> 
     </span>
     <span class='ocr_line' id='line_1_10' title="bbox 257 858 1869 931; baseline -0.001 -17"><span class='ocrx_word' id='word_1_70' title='bbox 257 860 543 931; x_wconf 70' lang='grc' dir='ltr'>Ἅρπαγος,</span> <span class='ocrx_word' id='word_1_71' title='bbox 570 860 823 924; x_wconf 73' lang='grc' dir='ltr'>ἐσβάντες</span> <span class='ocrx_word' id='word_1_72' title='bbox 847 863 1033 915; x_wconf 89' lang='grc' dir='ltr'>πάντες</span> <span class='ocrx_word' id='word_1_73' title='bbox 1058 860 1112 916; x_wconf 81' lang='grc' dir='ltr'>ἒς</span> <span class='ocrx_word' id='word_1_74' title='bbox 1138 861 1202 914; x_wconf 82' lang='grc' dir='ltr'>τὰ</span> <span class='ocrx_word' id='word_1_75' title='bbox 1227 863 1404 920; x_wconf 81' lang='grc' dir='ltr'>πλοῖα,</span> <span class='ocrx_word' id='word_1_76' title='bbox 1433 858 1638 929; x_wconf 78' lang='grc' dir='ltr'>οἴχοντο</span> <span class='ocrx_word' id='word_1_77' title='bbox 1663 861 1869 913; x_wconf 88' lang='grc' dir='ltr'>πλέον-</span> 
     </span>
     <span class='ocr_line' id='line_1_11' title="bbox 268 936 1866 1008; baseline -0.002 -15"><span class='ocrx_word' id='word_1_78' title='bbox 268 960 353 993; x_wconf 89' lang='grc' dir='ltr'>τες</span> <span class='ocrx_word' id='word_1_79' title='bbox 370 937 458 992; x_wconf 78' lang='grc' dir='ltr'>ἐπὶ</span> <span class='ocrx_word' id='word_1_80' title='bbox 478 942 568 1006; x_wconf 84' lang='grc' dir='ltr'>τῆς</span> <span class='ocrx_word' id='word_1_81' title='bbox 585 938 840 1008; x_wconf 78' lang='grc' dir='ltr'>Θρηϊκίης,</span> <span class='ocrx_word' id='word_1_82' title='bbox 864 939 945 992; x_wconf 82' lang='grc' dir='ltr'>καὶ</span> <span class='ocrx_word' id='word_1_83' title='bbox 962 938 1179 991; x_wconf 79' lang='grc' dir='ltr'>ἐνθαῦτα</span> <span class='ocrx_word' id='word_1_84' title='bbox 1200 940 1412 991; x_wconf 75' lang='grc' dir='ltr'>ἔκτισαν</span> <span class='ocrx_word' id='word_1_85' title='bbox 1430 941 1584 992; x_wconf 87' lang='grc' dir='ltr'>πόλιν</span> <span class='ocrx_word' id='word_1_86' title='bbox 1591 936 1866 1008; x_wconf 77' lang='grc' dir='ltr'>Ἀβδηρα·</span> 
     </span>
     <span class='ocr_line' id='line_1_12' title="bbox 266 1014 1967 1087; baseline -0.001 -19"><span class='ocrx_word' id='word_1_87' title='bbox 266 1016 359 1084; x_wconf 83' lang='grc' dir='ltr'>τὴν</span> <span class='ocrx_word' id='word_1_88' title='bbox 384 1018 632 1087; x_wconf 88' lang='grc' dir='ltr'>πρότερος</span> <span class='ocrx_word' id='word_1_89' title='bbox 657 1014 853 1070; x_wconf 88' lang='grc' dir='ltr'>τούτων</span> <span class='ocrx_word' id='word_1_90' title='bbox 886 1016 1232 1085; x_wconf 73' lang='grc' dir='ltr'>Κλαζομένιος</span> <span class='ocrx_word' id='word_1_91' title='bbox 1257 1014 1506 1083; x_wconf 83' lang='grc' dir='ltr'>Τιμήσιος</span> <span class='ocrx_word' id='word_1_92' title='bbox 1532 1015 1732 1075; x_wconf 84' lang='grc' dir='ltr'>κτίσας,</span> <span class='ocrx_word' id='word_1_93' title='bbox 1765 1016 1867 1068; x_wconf 81' lang='grc' dir='ltr'>οὐκ</span> <span class='ocrx_word' id='word_1_94' title='bbox 1965 1068 1967 1085; x_wconf 51' lang='grc' dir='ltr'>Ι</span> 
     </span>
     <span class='ocr_line' id='line_1_13' title="bbox 266 1088 1864 1164; baseline 0 -17"><span class='ocrx_word' id='word_1_95' title='bbox 266 1094 519 1160; x_wconf 80' lang='grc' dir='ltr'>ἆπώνητο,</span> <span class='ocrx_word' id='word_1_96' title='bbox 548 1093 668 1146; x_wconf 82' lang='grc' dir='ltr'>ἀλλ’</span> <span class='ocrx_word' id='word_1_97' title='bbox 708 1094 811 1147; x_wconf 80' lang='grc' dir='ltr'>ὑπὸ</span> <span class='ocrx_word' id='word_1_98' title='bbox 840 1088 1071 1164; x_wconf 86' lang='grc' dir='ltr'>Θρηΐκων</span> <span class='ocrx_word' id='word_1_99' title='bbox 1109 1094 1430 1161; x_wconf 77' lang='grc' dir='ltr'>ἐξελασθεὶς,</span> <span class='ocrx_word' id='word_1_100' title='bbox 1459 1094 1607 1162; x_wconf 80' lang='grc' dir='ltr'>τιμὰς</span> <span class='ocrx_word' id='word_1_101' title='bbox 1639 1096 1729 1146; x_wconf 83' lang='grc' dir='ltr'>νῦν</span> <span class='ocrx_word' id='word_1_102' title='bbox 1757 1093 1864 1148; x_wconf 77' lang='grc' dir='ltr'>ὑπὸ</span> 
     </span>
     <span class='ocr_line' id='line_1_14' title="bbox 266 1166 1384 1239; baseline -0.002 -14"><span class='ocrx_word' id='word_1_103' title='bbox 266 1166 435 1238; x_wconf 82' lang='grc' dir='ltr'>Τηΐων</span> <span class='ocrx_word' id='word_1_104' title='bbox 460 1177 563 1225; x_wconf 83' lang='grc' dir='ltr'>τῶν</span> <span class='ocrx_word' id='word_1_105' title='bbox 588 1170 645 1225; x_wconf 79' lang='grc' dir='ltr'>έν</span> <span class='ocrx_word' id='word_1_106' title='bbox 668 1170 975 1239; x_wconf 83' lang='grc' dir='ltr'>’Δβδήροισι</span> <span class='ocrx_word' id='word_1_107' title='bbox 1005 1172 1072 1227; x_wconf 81' lang='grc' dir='ltr'>ὧς</span> <span class='ocrx_word' id='word_1_108' title='bbox 1097 1170 1231 1239; x_wconf 80' lang='grc' dir='ltr'>ἥρως</span> <span class='ocrx_word' id='word_1_109' title='bbox 1257 1174 1384 1237; x_wconf 77' lang='grc' dir='ltr'>ἔχει.</span> 
     </span>
    </p>

    <p class='ocr_par' dir='ltr' id='par_1_4' title="bbox 139 1242 1850 1702">
     <span class='ocr_line' id='line_1_15' title="bbox 139 1242 1842 1314; baseline 0.001 -14"><span class='ocrx_word' id='word_1_110' title='bbox 139 1249 253 1305; x_wconf 87' lang='grc'>169</span> <span class='ocrx_word' id='word_1_111' title='bbox 345 1245 499 1300; x_wconf 83' lang='grc' dir='ltr'>Οὗτοι</span> <span class='ocrx_word' id='word_1_112' title='bbox 538 1245 631 1313; x_wconf 90' lang='grc' dir='ltr'>μέν</span> <span class='ocrx_word' id='word_1_113' title='bbox 674 1266 761 1297; x_wconf 88' lang='grc' dir='ltr'>νυν</span> <span class='ocrx_word' id='word_1_114' title='bbox 800 1245 983 1298; x_wconf 81' lang='grc' dir='ltr'>Ἰώνων</span> <span class='ocrx_word' id='word_1_115' title='bbox 1024 1250 1216 1314; x_wconf 84' lang='grc' dir='ltr'>μοῦνοι,</span> <span class='ocrx_word' id='word_1_116' title='bbox 1253 1244 1346 1313; x_wconf 86' lang='grc' dir='ltr'>τὴν</span> <span class='ocrx_word' id='word_1_117' title='bbox 1387 1242 1703 1313; x_wconf 71' lang='grc' dir='ltr'>δουλοσύνην</span> <span class='ocrx_word' id='word_1_118' title='bbox 1745 1247 1842 1301; x_wconf 75' lang='grc' dir='ltr'>οὐκ</span> 
     </span>
     <span class='ocr_line' id='line_1_16' title="bbox 262 1321 1836 1395; baseline 0.001 -18"><span class='ocrx_word' id='word_1_119' title='bbox 262 1324 573 1394; x_wconf 74' lang='grc' dir='ltr'>ἀνεχόμενοι,</span> <span class='ocrx_word' id='word_1_120' title='bbox 619 1322 863 1389; x_wconf 76' lang='grc' dir='ltr'>ἐξέλιπον</span> <span class='ocrx_word' id='word_1_121' title='bbox 907 1324 1001 1380; x_wconf 85' lang='grc' dir='ltr'>τὰς</span> <span class='ocrx_word' id='word_1_122' title='bbox 1043 1322 1303 1395; x_wconf 77' lang='grc' dir='ltr'>πατρίδας.</span> <span class='ocrx_word' id='word_1_123' title='bbox 1345 1323 1396 1376; x_wconf 74' lang='grc' dir='ltr'>οἱ</span> <span class='ocrx_word' id='word_1_124' title='bbox 1438 1322 1483 1376; x_wconf 81' lang='grc' dir='ltr'>δ’</span> <span class='ocrx_word' id='word_1_125' title='bbox 1527 1322 1682 1375; x_wconf 75' lang='grc' dir='ltr'>ἄλλοι</span> <span class='ocrx_word' id='word_1_126' title='bbox 1710 1321 1836 1379; x_wconf 76' lang='grc' dir='ltr'>Ἰω-</span> 
     </span>
     <span class='ocr_line' id='line_1_17' title="bbox 262 1399 1833 1471; baseline 0 -14"><span class='ocrx_word' id='word_1_127' title='bbox 262 1424 359 1465; x_wconf 91' lang='grc' dir='ltr'>νες,</span> <span class='ocrx_word' id='word_1_128' title='bbox 398 1400 537 1470; x_wconf 87' lang='grc' dir='ltr'>πλὴν</span> <span class='ocrx_word' id='word_1_129' title='bbox 578 1402 864 1469; x_wconf 82' lang='grc' dir='ltr'>Μιλησίων,</span> <span class='ocrx_word' id='word_1_130' title='bbox 906 1402 990 1455; x_wconf 82' lang='grc' dir='ltr'>διὰ</span> <span class='ocrx_word' id='word_1_131' title='bbox 1029 1402 1197 1471; x_wconf 83' lang='grc' dir='ltr'>μάχης</span> <span class='ocrx_word' id='word_1_132' title='bbox 1233 1403 1328 1470; x_wconf 76' lang='grc' dir='ltr'>μὲν</span> <span class='ocrx_word' id='word_1_133' title='bbox 1364 1400 1604 1455; x_wconf 76' lang='grc' dir='ltr'>ἀπικέατο</span> <span class='ocrx_word' id='word_1_134' title='bbox 1641 1399 1833 1471; x_wconf 67' lang='lat' dir='ltr'><strong>‘Apa-d-</strong></span> 
     </span>
     <span class='ocr_line' id='line_1_18' title="bbox 264 1476 1842 1551; baseline 0.001 -21"><span class='ocrx_word' id='word_1_135' title='bbox 264 1500 361 1551; x_wconf 77' lang='grc' dir='ltr'>γῳ,</span> <span class='ocrx_word' id='word_1_136' title='bbox 391 1478 613 1547; x_wconf 82' lang='grc' dir='ltr'>κατάπερ</span> <span class='ocrx_word' id='word_1_137' title='bbox 640 1478 691 1529; x_wconf 74' lang='grc' dir='ltr'>οἱ</span> <span class='ocrx_word' id='word_1_138' title='bbox 727 1477 1036 1538; x_wconf 83' lang='grc' dir='ltr'>ἐκλιπόντες,</span> <span class='ocrx_word' id='word_1_139' title='bbox 1067 1478 1150 1529; x_wconf 82' lang='grc' dir='ltr'>καὶ</span> <span class='ocrx_word' id='word_1_140' title='bbox 1175 1476 1351 1547; x_wconf 74' lang='grc' dir='ltr'>ἄνδρες</span> <span class='ocrx_word' id='word_1_141' title='bbox 1375 1476 1611 1549; x_wconf 81' lang='grc' dir='ltr'>ε’γένοντο</span> <span class='ocrx_word' id='word_1_142' title='bbox 1639 1478 1842 1549; x_wconf 81' lang='grc' dir='ltr'>ἀγαθοὶ,</span> 
     </span>
     <span class='ocr_line' id='line_1_19' title="bbox 264 1552 1850 1626; baseline 0.001 -17"><span class='ocrx_word' id='word_1_143' title='bbox 264 1557 385 1626; x_wconf 86' lang='grc' dir='ltr'>περὶ</span> <span class='ocrx_word' id='word_1_144' title='bbox 410 1558 500 1624; x_wconf 83' lang='grc' dir='ltr'>τῆς</span> <span class='ocrx_word' id='word_1_145' title='bbox 526 1556 717 1608; x_wconf 77' lang='grc' dir='ltr'>ἑωυτοῦ</span> <span class='ocrx_word' id='word_1_146' title='bbox 752 1552 970 1609; x_wconf 81' lang='grc' dir='ltr'>ἕκαστος</span> <span class='ocrx_word' id='word_1_147' title='bbox 995 1557 1292 1623; x_wconf 87' lang='grc' dir='ltr'>μαχόμενοι·</span> <span class='ocrx_word' id='word_1_148' title='bbox 1339 1554 1658 1612; x_wconf 79' lang='grc' dir='ltr'>ἑσσωθέντες</span> <span class='ocrx_word' id='word_1_149' title='bbox 1684 1557 1737 1609; x_wconf 80' lang='grc' dir='ltr'>δὲ</span> <span class='ocrx_word' id='word_1_150' title='bbox 1768 1558 1850 1611; x_wconf 80' lang='grc' dir='ltr'>καὶ</span> 
     </span>
     <span class='ocr_line' id='line_1_20' title="bbox 266 1632 1848 1702; baseline 0.001 -17"><span class='ocrx_word' id='word_1_151' title='bbox 266 1636 495 1692; x_wconf 81' lang='grc' dir='ltr'>ἁλόντες,</span> <span class='ocrx_word' id='word_1_152' title='bbox 532 1634 709 1701; x_wconf 76' lang='grc' dir='ltr'>ἔμενον</span> <span class='ocrx_word' id='word_1_153' title='bbox 754 1632 881 1685; x_wconf 74' lang='grc' dir='ltr'>κατὰ</span> <span class='ocrx_word' id='word_1_154' title='bbox 924 1634 1100 1702; x_wconf 80' lang='grc' dir='ltr'>χώρην</span> <span class='ocrx_word' id='word_1_155' title='bbox 1145 1632 1372 1694; x_wconf 82' lang='grc' dir='ltr'>ἕκαστοι,</span> <span class='ocrx_word' id='word_1_156' title='bbox 1409 1632 1492 1687; x_wconf 72' lang='grc' dir='ltr'>καὶ</span> <span class='ocrx_word' id='word_1_157' title='bbox 1531 1634 1596 1685; x_wconf 77' lang='grc' dir='ltr'>τὰ</span> <span class='ocrx_word' id='word_1_158' title='bbox 1633 1633 1848 1687; x_wconf 76' lang='grc' dir='ltr'>ἐπιτασ-</span> 
     </span>
    </p>

    <p class='ocr_par' dir='ltr' id='par_1_5' title="bbox 229 1708 1848 2092">
     <span class='ocr_line' id='line_1_21' title="bbox 229 1708 1848 1782; baseline 0.002 -19"><span class='ocrx_word' id='word_1_159' title='bbox 229 1730 255 1770; x_wconf 77' lang='lat'>2</span> <span class='ocrx_word' id='word_1_160' title='bbox 269 1714 461 1779; x_wconf 89' lang='grc' dir='ltr'>σόμενα</span> <span class='ocrx_word' id='word_1_161' title='bbox 500 1710 790 1764; x_wconf 81' lang='grc' dir='ltr'>ἐπετέλεον.</span> <span class='ocrx_word' id='word_1_162' title='bbox 848 1708 1102 1777; x_wconf 85' lang='grc' dir='ltr'>Μιλήσιοι</span> <span class='ocrx_word' id='word_1_163' title='bbox 1135 1711 1208 1772; x_wconf 77' lang='grc' dir='ltr'>δὲ,</span> <span class='ocrx_word' id='word_1_164' title='bbox 1247 1712 1317 1767; x_wconf 80' lang='grc' dir='ltr'>ὡς</span> <span class='ocrx_word' id='word_1_165' title='bbox 1361 1712 1443 1764; x_wconf 73' lang='grc' dir='ltr'>καὶ</span> <span class='ocrx_word' id='word_1_166' title='bbox 1480 1714 1727 1782; x_wconf 87' lang='grc' dir='ltr'>πρότερόν</span> <span class='ocrx_word' id='word_1_167' title='bbox 1759 1734 1848 1780; x_wconf 91' lang='grc' dir='ltr'>μοι</span> 
     </span>
     <span class='ocr_line' id='line_1_22' title="bbox 266 1785 1843 1861; baseline 0.003 -22"><span class='ocrx_word' id='word_1_168' title='bbox 266 1785 475 1857; x_wconf 74' lang='grc' dir='ltr'>εἴρηται,</span> <span class='ocrx_word' id='word_1_169' title='bbox 504 1788 639 1861; x_wconf 70' lang='grc' dir='ltr'>αὐτῷ</span> <span class='ocrx_word' id='word_1_170' title='bbox 667 1786 817 1859; x_wconf 79' lang='grc' dir='ltr'>Κύρῳ</span> <span class='ocrx_word' id='word_1_171' title='bbox 854 1786 1026 1858; x_wconf 78' lang='grc' dir='ltr'>ὅρκιον</span> <span class='ocrx_word' id='word_1_172' title='bbox 1060 1791 1412 1857; x_wconf 88' lang='grc' dir='ltr'>ποιησάμενοι,</span> <span class='ocrx_word' id='word_1_173' title='bbox 1441 1787 1663 1857; x_wconf 82' lang='grc' dir='ltr'>ἡσυχίην</span> <span class='ocrx_word' id='word_1_174' title='bbox 1701 1791 1843 1859; x_wconf 75' lang='grc' dir='ltr'>ἆγον.</span> 
     </span>
     <span class='ocr_line' id='line_1_23' title="bbox 268 1862 1846 1935; baseline 0.003 -19"><span class='ocrx_word' id='word_1_175' title='bbox 268 1862 413 1917; x_wconf 80' lang='grc' dir='ltr'>Οὕτω</span> <span class='ocrx_word' id='word_1_176' title='bbox 442 1864 503 1932; x_wconf 80' lang='grc' dir='ltr'>δὴ</span> <span class='ocrx_word' id='word_1_177' title='bbox 530 1866 590 1918; x_wconf 82' lang='grc' dir='ltr'>τὸ</span> <span class='ocrx_word' id='word_1_178' title='bbox 618 1863 855 1935; x_wconf 89' lang='grc' dir='ltr'>δεύτερον</span> <span class='ocrx_word' id='word_1_179' title='bbox 879 1864 1042 1930; x_wconf 86' lang='grc' dir='ltr'>Ἰωνίη</span> <span class='ocrx_word' id='word_1_180' title='bbox 1071 1865 1407 1921; x_wconf 76' lang='grc' dir='ltr'>ἐδεδούλωτο.</span> <span class='ocrx_word' id='word_1_181' title='bbox 1452 1866 1520 1921; x_wconf 78' lang='grc' dir='ltr'>ὣς</span> <span class='ocrx_word' id='word_1_182' title='bbox 1547 1868 1604 1921; x_wconf 76' lang='grc' dir='ltr'>δὲ</span> <span class='ocrx_word' id='word_1_183' title='bbox 1638 1868 1756 1922; x_wconf 77' lang='grc' dir='ltr'>τοὺς</span> <span class='ocrx_word' id='word_1_184' title='bbox 1791 1867 1846 1921; x_wconf 78' lang='grc' dir='ltr'>ἔν</span> 
     </span>
     <span class='ocr_line' id='line_1_24' title="bbox 264 1939 1847 2015; baseline 0.003 -22"><span class='ocrx_word' id='word_1_185' title='bbox 264 1943 327 2008; x_wconf 81' lang='grc' dir='ltr'>τῇ</span> <span class='ocrx_word' id='word_1_186' title='bbox 362 1939 555 2013; x_wconf 73' lang='grc' dir='ltr'>ἠπείρῳ</span> <span class='ocrx_word' id='word_1_187' title='bbox 578 1940 761 1998; x_wconf 84' lang='grc' dir='ltr'>Ἴωνας</span> <span class='ocrx_word' id='word_1_188' title='bbox 794 1942 819 1995; x_wconf 87' lang='grc' dir='ltr'>ε’</span> <span class='ocrx_word' id='word_1_189' title='bbox 821 1946 1113 2015; x_wconf 83' lang='grc' dir='ltr'>χειρώσατο</span> <span class='ocrx_word' id='word_1_190' title='bbox 1145 1943 1428 2015; x_wconf 68' lang='grc' dir='ltr'>Ἅρπαγος,</span> <span class='ocrx_word' id='word_1_191' title='bbox 1457 1946 1507 1997; x_wconf 81' lang='grc' dir='ltr'>οἱ</span> <span class='ocrx_word' id='word_1_192' title='bbox 1537 1945 1629 2001; x_wconf 76' lang='grc' dir='ltr'>τὰς</span> <span class='ocrx_word' id='word_1_193' title='bbox 1661 1944 1847 2013; x_wconf 85' lang='grc' dir='ltr'>νήσους</span> 
     </span>
     <span class='ocr_line' id='line_1_25' title="bbox 266 2017 1844 2092; baseline 0.006 -22"><span class='ocrx_word' id='word_1_194' title='bbox 266 2019 472 2086; x_wconf 83' lang='grc' dir='ltr'>ἔχοντες</span> <span class='ocrx_word' id='word_1_195' title='bbox 499 2017 694 2081; x_wconf 84' lang='grc' dir='ltr'>Ἴωνες,</span> <span class='ocrx_word' id='word_1_196' title='bbox 724 2020 1207 2092; x_wconf 84' lang='grc' dir='ltr'>καταρρωδήσαντες</span> <span class='ocrx_word' id='word_1_197' title='bbox 1242 2026 1417 2083; x_wconf 87' lang='grc' dir='ltr'>ταῦτα,</span> <span class='ocrx_word' id='word_1_198' title='bbox 1461 2022 1630 2092; x_wconf 85' lang='grc' dir='ltr'>σφέας</span> <span class='ocrx_word' id='word_1_199' title='bbox 1665 2024 1844 2080; x_wconf 77' lang='grc' dir='ltr'>αὐτοὺς</span> 
     </span>
    </p>

    <p class='ocr_par' dir='ltr' id='par_1_6' title="bbox 138 2093 1841 2557">
     <span class='ocr_line' id='line_1_26' title="bbox 138 2093 1840 2169; baseline 0.002 -18"><span class='ocrx_word' id='word_1_200' title='bbox 138 2093 251 2156; x_wconf 85' lang='grc'>170</span> <span class='ocrx_word' id='word_1_201' title='bbox 266 2097 455 2149; x_wconf 79' lang='grc' dir='ltr'>ἔδοσαν</span> <span class='ocrx_word' id='word_1_202' title='bbox 481 2093 651 2169; x_wconf 77' lang='grc' dir='ltr'>Κύρῳ.</span> <span class='ocrx_word' id='word_1_203' title='bbox 894 2099 1264 2168; x_wconf 85' lang='grc' dir='ltr'>Κεκακωμένων</span> <span class='ocrx_word' id='word_1_204' title='bbox 1295 2102 1351 2155; x_wconf 80' lang='grc' dir='ltr'>δὲ</span> <span class='ocrx_word' id='word_1_205' title='bbox 1389 2100 1572 2154; x_wconf 84' lang='grc' dir='ltr'>Ἰώνων</span> <span class='ocrx_word' id='word_1_206' title='bbox 1603 2102 1686 2153; x_wconf 77' lang='grc' dir='ltr'>καὶ</span> <span class='ocrx_word' id='word_1_207' title='bbox 1711 2105 1840 2155; x_wconf 87' lang='grc' dir='ltr'>συλ-</span> 
     </span>
     <span class='ocr_line' id='line_1_27' title="bbox 263 2174 1841 2247; baseline 0.003 -19"><span class='ocrx_word' id='word_1_208' title='bbox 263 2174 553 2245; x_wconf 80' lang='grc' dir='ltr'>λεγομένων</span> <span class='ocrx_word' id='word_1_209' title='bbox 582 2176 731 2229; x_wconf 75' lang='grc' dir='ltr'>οὔδὲν</span> <span class='ocrx_word' id='word_1_210' title='bbox 768 2175 941 2244; x_wconf 75' lang='grc' dir='ltr'>ἧσσον</span> <span class='ocrx_word' id='word_1_211' title='bbox 980 2178 1034 2232; x_wconf 83' lang='grc' dir='ltr'>ἐς</span> <span class='ocrx_word' id='word_1_212' title='bbox 1079 2180 1138 2231; x_wconf 84' lang='grc' dir='ltr'>τὸ</span> <span class='ocrx_word' id='word_1_213' title='bbox 1184 2180 1484 2240; x_wconf 81' lang='grc' dir='ltr'>Πανιώνιον,</span> <span class='ocrx_word' id='word_1_214' title='bbox 1532 2178 1841 2247; x_wconf 82' lang='grc' dir='ltr'>πυνθάνομαι</span> 
     </span>
     <span class='ocr_line' id='line_1_28' title="bbox 263 2252 1837 2326; baseline 0.003 -22"><span class='ocrx_word' id='word_1_215' title='bbox 263 2254 466 2320; x_wconf 79' lang='grc' dir='ltr'>γνώμην</span> <span class='ocrx_word' id='word_1_216' title='bbox 504 2252 689 2306; x_wconf 85' lang='grc' dir='ltr'>Βίαντα</span> <span class='ocrx_word' id='word_1_217' title='bbox 719 2254 877 2323; x_wconf 75' lang='grc' dir='ltr'>ἄνδρα</span> <span class='ocrx_word' id='word_1_218' title='bbox 904 2255 1126 2324; x_wconf 89' lang='grc' dir='ltr'>Πριηνέα</span> <span class='ocrx_word' id='word_1_219' title='bbox 1159 2255 1510 2323; x_wconf 80' lang='grc' dir='ltr'>ἇποδέξασθαι</span> <span class='ocrx_word' id='word_1_220' title='bbox 1533 2254 1686 2309; x_wconf 83' lang='grc' dir='ltr'>Ἴωσι</span> <span class='ocrx_word' id='word_1_221' title='bbox 1715 2278 1837 2326; x_wconf 87' lang='grc' dir='ltr'>χρη-</span> 
     </span>
     <span class='ocr_line' id='line_1_29' title="bbox 265 2330 1836 2403; baseline 0.004 -22"><span class='ocrx_word' id='word_1_222' title='bbox 265 2331 573 2395; x_wconf 86' lang='grc' dir='ltr'>σιμωτάτην·</span> <span class='ocrx_word' id='word_1_223' title='bbox 617 2334 677 2397; x_wconf 83' lang='grc' dir='ltr'>τῇ</span> <span class='ocrx_word' id='word_1_224' title='bbox 720 2330 765 2383; x_wconf 79' lang='grc' dir='ltr'>εἷ</span> <span class='ocrx_word' id='word_1_225' title='bbox 801 2331 1083 2391; x_wconf 78' lang='grc' dir='ltr'>ἐπείθοντο,</span> <span class='ocrx_word' id='word_1_226' title='bbox 1113 2336 1326 2401; x_wconf 83' lang='grc' dir='ltr'>παρεῖχε</span> <span class='ocrx_word' id='word_1_227' title='bbox 1361 2333 1423 2385; x_wconf 78' lang='grc' dir='ltr'>ἅν</span> <span class='ocrx_word' id='word_1_228' title='bbox 1463 2334 1568 2403; x_wconf 87' lang='grc' dir='ltr'>σφι</span> <span class='ocrx_word' id='word_1_229' title='bbox 1607 2334 1836 2403; x_wconf 76' lang='grc' dir='ltr'>εὔδαιμο-</span> 
     </span>
     <span class='ocr_line' id='line_1_30' title="bbox 264 2404 1838 2485; baseline 0.006 -30"><span class='ocrx_word' id='word_1_230' title='bbox 264 2404 392 2455; x_wconf 86' lang='grc' dir='ltr'>νέειν</span> <span class='ocrx_word' id='word_1_231' title='bbox 430 2405 694 2472; x_wconf 62' lang='grc' dir='ltr'>Ἐλλήνων</span> <span class='ocrx_word' id='word_1_232' title='bbox 737 2409 985 2475; x_wconf 89' lang='grc' dir='ltr'>μάλιστα</span> <span class='ocrx_word' id='word_1_233' title='bbox 1058 2431 1115 2464; x_wconf 88' lang='grc' dir='ltr'>ος</span> <span class='ocrx_word' id='word_1_234' title='bbox 1161 2411 1422 2463; x_wconf 70' lang='grc' dir='ltr'>ἐκέλευε“</span> <span class='ocrx_word' id='word_1_235' title='bbox 1429 2411 1616 2483; x_wconf 68' lang='grc' dir='ltr'>*κοινῷ</span> <span class='ocrx_word' id='word_1_236' title='bbox 1669 2416 1838 2485; x_wconf 72' lang='grc' dir='ltr'>στόλῳ</span> 
     </span>
     <span class='ocr_line' id='line_1_31' title="bbox 255 2475 1839 2557; baseline 0.012 -31.265"><span class='ocrx_word' id='word_1_237' title='bbox 255 2475 433 2531; x_wconf 86' lang='grc' dir='ltr'>Ιωνας</span> <span class='ocrx_word' id='word_1_238' title='bbox 458 2480 725 2550; x_wconf 81' lang='grc' dir='ltr'>άερθεντας</span> <span class='ocrx_word' id='word_1_239' title='bbox 748 2484 980 2536; x_wconf 87' lang='grc' dir='ltr'>πλεειν’</span> <span class='ocrx_word' id='word_1_240' title='bbox 953 2506 1006 2539; x_wconf 90' lang='grc' dir='ltr'>ες</span> <span class='ocrx_word' id='word_1_241' title='bbox 1033 2487 1227 2556; x_wconf 83' lang='grc' dir='ltr'>Σαρδω,</span> <span class='ocrx_word' id='word_1_242' title='bbox 1246 2488 1328 2541; x_wconf 89' lang='grc' dir='ltr'>και</span> <span class='ocrx_word' id='word_1_243' title='bbox 1353 2489 1530 2542; x_wconf 80' lang='grc' dir='ltr'>ἔπειτα</span> <span class='ocrx_word' id='word_1_244' title='bbox 1551 2492 1708 2543; x_wconf 85' lang='grc' dir='ltr'>πόλιν</span> <span class='ocrx_word' id='word_1_245' title='bbox 1723 2489 1839 2557; x_wconf 80' lang='grc' dir='ltr'>μίαν</span> 
     </span>
    </p>

    <p class='ocr_par' dir='ltr' id='par_1_7' title="bbox 221 2551 1834 2639">
     <span class='ocr_line' id='line_1_32' title="bbox 221 2551 1834 2639; baseline 0.015 -39"><span class='ocrx_word' id='word_1_246' title='bbox 221 2565 248 2606; x_wconf 72' lang='lat'><em>2</em></span> <span class='ocrx_word' id='word_1_247' title='bbox 266 2551 446 2615; x_wconf 70' lang='grc' dir='ltr'>κτίζειν</span> <span class='ocrx_word' id='word_1_248' title='bbox 469 2558 671 2610; x_wconf 84' lang='grc' dir='ltr'>πάντων</span> <span class='ocrx_word' id='word_1_249' title='bbox 693 2558 895 2612; x_wconf 83' lang='grc' dir='ltr'>Ἰώνων.</span> <span class='ocrx_word' id='word_1_250' title='bbox 939 2561 1024 2613; x_wconf 79' lang='grc' dir='ltr'>καὶ</span> <span class='ocrx_word' id='word_1_251' title='bbox 1049 2560 1185 2615; x_wconf 78' lang='grc' dir='ltr'>οὕτω</span> <span class='ocrx_word' id='word_1_252' title='bbox 1219 2564 1649 2635; x_wconf 78' lang='grc' dir='ltr'>ἀπαλλαχθέντας</span> <span class='ocrx_word' id='word_1_253' title='bbox 1675 2569 1834 2639; x_wconf 77' lang='grc' dir='ltr'>σφέας</span> 
     </span>
    </p>
   </div>
   <div class='ocr_carea' id='block_1_3' title="bbox 1477 180 1963 228">
    <p class='ocr_par' dir='ltr' id='par_1_8' title="bbox 1477 180 1963 228">
     <span class='ocr_line' id='line_1_33' title="bbox 1477 180 1963 228; baseline 0.004 -7"><span class='ocrx_word' id='word_1_254' title='bbox 1477 180 1550 228; x_wconf 79' lang='lat' dir='ltr'>[A.</span> <span class='ocrx_word' id='word_1_255' title='bbox 1569 180 1617 221; x_wconf 79' lang='lat'>0.</span> <span class='ocrx_word' id='word_1_256' title='bbox 1636 180 1886 222; x_wconf 72' lang='lat'><strong>546—638.</strong></span> <span class='ocrx_word' id='word_1_257' title='bbox 1962 220 1963 223; x_wconf 73' lang='grc'>,</span> 
     </span>
    </p>
   </div>
  </div>
 </body>
</html>
