1975 2892
615 143 1006 188 ΚΛΕῙΩ.-Ῑ.
1042 155 1212 203 24-27.
1608 132 1681 188 13

107 201 168 240 01.
191 199 255 240 40.
271 198 412 241 4—55.
433 202 492 250 1.]

106 267 224 305 των·
270 253 502 308 Γλαύκου
540 259 631 310 τοῦ
663 257 791 310 Χίου
825 259 1034 327 ποίημα,
1074 259 1130 315 ὃς
1167 263 1352 329 μοῦνος
1388 259 1449 329 δὴ
1485 261 1687 314 πάντων

105 331 385 399 ἀνθρώπων
412 331 626 402 σιδήρου
654 339 905 404 κόλλησιν
932 339 1125 408 ἐξεῦρε.

187 410 601 480 Τελευτήσαντος
654 413 710 466 δὲ
750 415 1055 477 Ἀλυάττεω,
1100 415 1366 482 ἐξεδέξατο
1401 415 1492 483 τὴν
1529 418 1685 479 βασι-
1715 420 1793 472 26

105 485 259 558 ληίην
301 493 525 557 Κροῖσος
561 493 589 544 ὁ
635 489 941 551 Ἀλυάττεω,
983 492 1137 546 ἐτέων
1175 493 1269 546 ἐὼν
1306 493 1504 557 ἡλικίην
1538 494 1685 547 πέντε
1720 496 1814 580 ἔδῧ·

101 564 185 615 καὶ
229 560 514 633 τριήκοντα·
599 561 655 618 ὃς
697 563 758 631 δὴ
799 562 1065 632 Ἑλλήνων
1108 567 1363 636 πρώτοισι
1410 566 1687 634 ἐπεθήκατο
1804 568 1815 580 ”

97 640 428 711 Ἐφεσίοισι.
510 641 628 694 ἔνθα
671 642 731 709 δὴ
776 643 826 694 οἱ
859 641 1102 713 Ἐφέσιοι
1143 647 1560 714 πολιορκεόμενοι
1604 644 1686 698 ὑπ’
1710 657 1735 697 2

99 720 280 781 αὐτοῦ,
314 719 563 773 ἀνέθεσαν
597 719 688 787 τὴν
722 723 877 773 πόλιν
911 722 973 788 τῇ
1005 720 1279 792 Ἀρτέμιδι,
1311 723 1597 792 ἐξάψαντες
1633 724 1688 776 ἐκ

102 802 196 851 τοῦ
223 801 347 864 νηοῦ
376 798 608 866 σχοινίον
635 799 686 852 ἐς
712 800 772 852 τὸ
798 801 987 868 τεῖχος.
1071 801 1185 852 ἔστι
1213 801 1270 853 δέ
1300 801 1492 869 μεταξὺ
1517 805 1607 869 τῆς
1632 824 1687 854 τε
1705 816 1731 857 8

101 878 325 944 παλαιῆς
352 879 551 937 πόλιος,
575 873 604 944 ἣ
632 878 749 929 τότε
775 876 1150 948 ἐπολιορκέετο,
1175 879 1255 930 καὶ
1282 883 1373 932 τοῦ
1400 883 1538 946 νηοῦ,
1561 882 1688 933 ἑπτὰ

105 955 331 1006 στάδιοι.
397 956 652 1025 πρώτοισι
677 955 770 1022 μὲν
797 955 856 1021 δὴ
885 953 1118 1008 τούτοισι
1146 957 1449 1027 ἐπεχείρησε
1476 960 1505 1009 ὁ
1534 961 1685 1028 Κροῖ-
1705 972 1731 1014 4

106 1044 224 1087 σος·
267 1033 395 1100 μετὰ
422 1033 495 1094 δέ,
519 1033 574 1084 ἐν
597 1032 738 1102 μέρει
766 1034 1035 1086 ἑκάστοισι
1060 1032 1243 1087 ’Ῑώνων
1262 1055 1317 1088 τε
1338 1037 1419 1089 καὶ
1439 1036 1685 1099 Αἰολέων,

103 1111 325 1163 ἄλλοισι
349 1109 515 1166 ἄλλας
540 1109 703 1165 αἰτίας
724 1110 1004 1182 ἐπιφέρων·
1066 1117 1166 1165 τῶν
1190 1113 1283 1180 μὲν
1304 1112 1511 1167 ἐδύνατο
1537 1115 1685 1183 μέζο-

104 1210 196 1243 νας
231 1189 606 1260 παρευρίσκειν,
635 1191 820 1257 μέζονα
855 1190 1229 1258 ἐπαιτιώμενος,
1258 1195 1398 1245 τοῖσι
1435 1193 1489 1245 δέ
1526 1193 1691 1246 αὐτῶν

104 1269 190 1319 καὶ
227 1268 408 1337 φαῦλα
444 1267 721 1337 ἐπιφέρων.
929 1267 1021 1323 Ὠς
1056 1269 1113 1322 δέ
1140 1269 1237 1339 ἄρα
1273 1271 1321 1322 οἱ
1359 1271 1413 1323 ἐν
1448 1275 1508 1338 τῇ
1535 1270 1687 1339 Ἀσίῃ
1707 1273 1784 1335 27

93 1343 355 1412 Ἕλληνες
374 1346 766 1416 κατεστράφατο
789 1346 840 1402 ἐς
867 1347 1036 1417 φόρου
1057 1347 1349 1418 ἀπαγωγὴν,
1373 1350 1432 1400 τὸ
1461 1347 1690 1402 ἐνθεῦτεν

103 1424 330 1490 ἐπενόεε,
359 1423 470 1478 νέας
496 1425 856 1493 ποιησάμενος,
887 1426 1186 1493 ἐπιχειρέειν
1217 1429 1356 1478 τοῖσι
1384 1428 1685 1493 νησιώτῃσι.

101 1501 296 1555 ἐόντων
328 1501 388 1557 δέ
420 1503 470 1554 οἱ
504 1503 707 1555 πάντων
743 1503 957 1571 ἑτοίμων
982 1502 1038 1558 ἐς
1064 1503 1155 1570 τὴν
1190 1503 1484 1573 ναυπηγίην,
1514 1505 1563 1556 οἱ
1597 1505 1729 1571 μέν2

103 1579 296 1633 Βίαντα
321 1579 540 1650 λέγουσι
567 1582 654 1633 τὸν
681 1581 901 1651 Πριηνέα
927 1581 1231 1648 ἀπικόμενον
1256 1580 1309 1635 ἐς
1336 1582 1533 1651 Σάρδις,
1558 1583 1607 1634 οἱ
1634 1584 1690 1635 δέ

102 1659 365 1711 Πιττακὸν
389 1659 478 1711 τὸν
506 1661 866 1724 Μυτιληναῖον,
897 1658 1157 1730 εἰρομένου
1210 1659 1441 1730 Κροίσου
1469 1657 1517 1712 εἴ
1539 1680 1587 1712 τι
1615 1658 1689 1728 ε’ίη

103 1739 354 1807 νεώτερον
387 1737 505 1806 περὶ
541 1736 631 1803 τὴν
668 1735 915 1798 Ἐλλάδα,
954 1737 1160 1791 εἰπόντα
1194 1737 1331 1798 τάδε,
1372 1742 1690 1792 καταπαῦσαι

103 1815 200 1882 τὴν
235 1815 530 1885 ναυπηγίην·
577 1811 692 1867 “Ὠ
727 1817 972 1879 βασιλεῦ,
1004 1821 1246 1882 νησιῶται
1276 1813 1432 1870 ἵππον
1467 1817 1686 1871 συνωνέ-

103 1914 250 1946 ονται
290 1893 490 1963 μυρίην,
529 1892 583 1948 ἐς
623 1894 805 1963 Σάρδις
839 1916 896 1946 τε
935 1895 1019 1947 καὶ
1053 1893 1137 1948 ἐπὶ
1177 1896 1241 1947 σὲ
1282 1895 1487 1964 ἔχοντες
1525 1895 1581 1948 ἐν
1621 1897 1691 1969 νῷ

105 1968 544 2042 στρατεῦεσθαι.”
628 1975 854 2042 Κροῖσον
881 1973 954 2036 δέ,
984 1971 1271 2026 ἐλπίσαντα
1304 1973 1475 2044 λέγειν
1500 1973 1689 2028 ἐκεῖνον
1704 1990 1729 2031 3

106 2048 320 2116 ἀληθέα,
352 2048 525 2103 εἰπεῖν·
600 2048 704 2102 “At
727 2051 828 2120 γὰρ
855 2054 1007 2102 τοῦτο
1036 2050 1143 2104 θεοὶ
1167 2049 1436 2119 ποιήσειαν
1462 2052 1546 2106 ἐπὶ
1574 2055 1690 2105 νόον

106 2130 413 2194 νησιώτῃσι.
495 2127 666 2180 ἐλθεῖν
703 2127 788 2181 ἐπὶ
835 2129 1013 2182 Λυδῶν
1052 2130 1234 2184 παῖδας
1278 2129 1375 2182 σὺν
1419 2124 1689 2183 ἵπποισι.”

107 2209 208 2259 Τὸν
251 2207 326 2266 δὲ,
365 2206 694 2271 ὑπολαβόντα
735 2208 914 2276 φάναι·
986 2203 1101 2259 “Ὠ
1142 2209 1385 2270 βασιλεῦ,
1418 2205 1690 2276 προθύμως
1708 2227 1733 2268 4

107 2306 196 2352 μοι
223 2283 430 2354 φαίνεαι
465 2284 711 2351 εὔξασθαι
738 2286 988 2351 νησιώτας
1026 2283 1389 2351 ἱππευομένους
1423 2287 1608 2347 λαβεῖν
1634 2283 1690 2337 ἐν

109 2361 320 2434 ἠπείρῳ,
352 2362 524 2416 οἰκότα
554 2362 794 2427 ἐλπίζων·
865 2364 1115 2429 νησιώτας
1151 2362 1205 2414 δὲ
1232 2362 1285 2413 τί
1318 2362 1507 2416 δοκέεις
1542 2364 1688 2430 εὔχε-

113 2441 236 2493 σθαι
273 2442 427 2501 ἄλλο,
462 2439 511 2508 ἢ,
546 2440 659 2494 ἐπεί
693 2462 750 2492 τε
784 2441 1009 2508 τάχιστα
1044 2437 1292 2491 ἐπύθοντό
1329 2459 1393 2489 σε
1426 2436 1693 2505 μέλλοντα

111 2519 198 2573 ἐπὶ
226 2519 392 2587 σφίσι
429 2517 802 2586 ναυπηγέεσθαι
839 2517 967 2575 νέας,
997 2518 1181 2580 λαβεῖν
1216 2515 1462 2582 ἀρώμενοι
1497 2513 1695 2568 Λυδοὺς

1108 2596 1130 2607 Α

109 2600 164 2652 ἐν
206 2596 474 2662 θαλάσσῃ,
519 2595 600 2651 ἵνα
643 2597 774 2660 ὑπὲρ
820 2599 922 2648 τῶν
970 2595 1026 2644 ἐν
1072 2613 1135 2658 τῃ
1182 2587 1375 2659 ἠπείρῳ
1422 2587 1698 2656 οἶκημένων
