1975 2892
718 156 1100 203 munla-1.
1138 166 1241 218 1-5.
1716 150 1755 206 3

176 223 232 261 A.
247 221 293 261 Ο.
311 219 408 261 1198
420 216 459 266 9]

172 281 332 346 ληνας
377 280 438 345 δὴ
477 279 714 350 μεγάλως
755 279 947 334 αἰτίους
998 279 1261 350 γενέσθαι.
1321 281 1602 351 προτέρους·
1652 282 1754 352 γὰρ

172 358 324 428 ἄρξαι
351 355 726 427 στρατεύεσθαι
753 357 806 412 ἐς·
835 357 926 426 τὴν
959 357 1162 425 Ἀσίην,
1191 357 1222 426 ἢ
1252 359 1423 428 σφέας
1458 360 1510 413 ἐς
1537 365 1628 427 τὴν
1655 361 1757 412 Εὗ-

170 439 366 507 ρῶπην.
423 437 483 489 τὸ
519 435 613 504 μέν
647 457 737 489 νυν
775 438 1017 506 ἁρπάζειν
1048 439 1304 507 γυναῖκας,
1343 437 1538 508 ἀνδρῶν
1572 437 1761 491 ἀδίκων

171 514 391 583 νομίζειν
417 513 570 585 ἔργον
595 509 738 567 εἶναι·
782 515 843 567 τὸ
863 516 918 568 δὲ
939 513 1333 586 ἁρπασθεισέων
1358 516 1590 583 σπουδὴν
1607 515 1756 584 ποιή-

171 593 369 646 σασθαι
405 591 685 663 τιμωρέειν,
715 591 956 660 ἀνοήτων·
1002 595 1062 646 τὸ
1100 594 1155 646 δὲ
1191 593 1437 661 μηδεμίαν
1462 593 1597 664 ὥρην
1622 596 1759 664 ἔχειν

169 670 581 741 ἁρπασθεισέων,
613 672 920 742 σωφρόνων.
961 673 1099 739 δῆλα
1124 671 1225 742 γὰρ
1252 671 1333 739 δὴ,
1363 671 1461 732 ὅτι,
1491 672 1537 724 εἷ
1568 672 1639 740 μὴ
1664 673 1752 726 αὖ·
1772 679 1799 720 8

167 751 251 802 ταὶ
294 749 593 814 έβουλέατο,
624 750 716 801 οὐκ
751 750 812 803 ἂν
846 749 1150 820 ἡρπάζοντο.
1196 750 1366 820 σφέας
1400 750 1494 818 μὲν
1528 751 1609 818 δὴ,
1638 752 1756 806 τοὺς
1772 763 1799 804 4

167 827 224 880 ἐκ
260 831 350 896 τῆς
391 827 590 895 Ἀσίης,
620 827 841 898 λέγουσι
876 829 1096 899 Πέρσαι,
1127 829 1510 898 ἁρπαζομενέων
1536 834 1639 882 τῶν
1660 851 1753 901 γυ·

167 912 350 960 ναικῶν
373 908 536 976 λόγον
561 906 741 960 οὐδένα
767 905 1104 975 ποιῆσασθαι·
1141 904 1399 974 Ἕλληνας
1426 908 1481 961 δὲ
1508 909 1751 962 Λακεδαι-

165 984 344 1052 μονίης
389 982 574 1037 εἵνεκεν
606 987 842 1056 γυναικὸς
884 989 1080 1039 στόλον
1120 984 1282 1056 μέγαν
1322 988 1635 1057 συναγεῖραι,
1672 989 1754 1040 καὶ

164 1063 340 1116 ἔπειτα
382 1062 628 1118 ἐλθόντας
669 1064 722 1118 ές
761 1062 854 1131 τὴν
891 1061 1093 1131 Ἀσίην.
1136 1063 1227 1131 τὴν
1268 1065 1503 1134 Πριάμου
1546 1063 1755 1134 δύναμιν

165 1143 416 1194 κατελεῖν.
479 1141 582 1195 άπὸ
628 1139 813 1194 τούτου
857 1141 959 1194 αἷεὶ
1003 1139 1300 1212 ἡγήσασθαι
1344 1144 1405 1195 τὸ
1449 1140 1753 1209 Ἑλληνικὸν

163 1219 332 1288 σφίσι
359 1215 484 1272 εἶναι
510 1220 777 1288 πολέμιον.
821 1219 924 1288 Τὴν
947 1221 1049 1291 γὰρ
1075 1219 1258 1288 Ἀσίην
1282 1221 1364 1273 καὶ
1385 1220 1449 1273 τὰ
1470 1221 1752 1276 ἐνοικέοντα

162 1297 310 1350 ἔθνεα
344 1299 588 1368 βάρβαρα
626 1297 920 1351 οἷκειεῦνται
960 1300 1010 1350 οἱ
1047 1300 1266 1368 Πέρσαι,
1288 1298 1381 1366 τὴν
1419 1299 1474 1352 δὲ
1502 1299 1752 1370 Εὐρώπην

161 1376 245 1428 καὶ
272 1377 330 1430 τὸ
356 1375 660 1443 Ἑλληνικὸν
687 1376 894 1448 ἥγηνται
922 1377 1254 1448 κεχωρίσθαι.

258 1451 404 1507 Οὕτω
450 1456 544 1518 μὲν
588 1455 789 1520 Πέρσαι
833 1453 1052 1520 λέγουσι
1098 1453 1355 1522 γενέσθαι,
1402 1451 1487 1506 καὶ
1532 1451 1617 1506 διὸ
1658 1448 1750 1519 τὴν
1780 1456 1817 1510 5

159 1529 321 1584 Ἰλίου
357 1531 558 1583 ἅλωσιν
583 1530 885 1600 εὑρίσκουσι
923 1530 1087 1598 σφίσι
1123 1531 1311 1582 έοῦσαν
1344 1528 1436 1597 τὴν
1470 1529 1635 1599 ἀρχὴν
1660 1533 1749 1598 τῆς

159 1609 350 1680 ἔχθρης
390 1611 480 1676 τῆς
519 1609 572 1663 ἐς
601 1608 732 1663 ’τοὺς
764 1606 1043 1674 Ἕλληνας.
1105 1607 1235 1677 Περὶ
1277 1607 1333 1660 δὲ
1368 1609 1459 1675 τῆς
1484 1605 1615 1662 Ἰοῦς
1656 1609 1747 1662 οὐκ
1776 1625 1802 1664 2

159 1685 509 1759 ὁμολογέουσι
550 1688 794 1756 Πέρσῃσι
835 1682 968 1738 οὕτω
1010 1685 1253 1740 Φοίνικες.
1304 1685 1365 1738 οὔ
1402 1686 1505 1756 γὰρ
1544 1689 1748 1756 ἁρπαγῇ
1774 1705 1799 1746 a

159 1765 335 1835 σφέας
359 1765 714 1835 χρησαμένους
738 1764 958 1835 λέγουσι
985 1763 1195 1836 ἀγαγεῖν
1220 1763 1375 1832 αὐτὴν
1396 1765 1447 1819 ἐς
1467 1761 1743 1834 Αἴγυπτον,

157 1842 282 1897 ἀλλ’
321 1844 389 1898 ὡς
419 1844 476 1896 ἐν
506 1847 578 1916 τῷ
597 1841 786 1915 Ἀργεῖ’
818 1843 1061 1914 ε’μίσγετο
1087 1848 1160 1916 τῷ
1191 1841 1455 1916 ναυκλήρῳ
1491 1845 1583 1910 τῆς
1607 1847 1741 1910 νηός·

158 1923 270 1976 ἐπεὶ
298 1923 353 1976 δέ
381 1921 564 1990 ἔμαθεν
589 1923 767 1992 ἔγκυος
793 1922 970 1982 ἐοῦσα,
1000 1921 1260 1989 αἰδεομένη
1288 1921 1407 1976 τοὺς
1432 1921 1625 1984 τοκέας,
1656 1918 1742 1974 οὕ·-

155 2021 230 2054 τω
259 2001 320 2068 δὴ
359 2000 629 2068 ἐθελοντὴν
661 1999 817 2067 αὐτὴν
848 2001 988 2052 τοῖσι
1026 2000 1221 2066 Φοίνιξι
1265 2003 1647 2060 συνεκπλῶσαι,
1678 2000 1744 2053 ὧς

155 2079 221 2132 ἂν
246 2079 315 2147 μὴ
344 2080 626 2146 κατάδηλος
657 2078 879 2149 γένηται.
925 2081 1083 2131 ταῦτα
1116 2078 1210 2146 μέν
1236 2099 1324 2132 νυν
1349 2078 1552 2147 Πέρσαι
1578 2098 1635 2129 τε
1662 2077 1744 2130 καὶ
1773 2081 1798 2122 4

157 2157 387 2211 Φοίνικες
411 2154 648 2227 λέγουσι.
691 2155 828 2226 Ἐγὼ
855 2157 911 2210 δὲ
936 2156 1055 2228 περὶ
1080 2157 1173 2225 μὲν
1197 2154 1392 2209 τούτων
1412 2155 1503 2208 οὒκ
1528 2155 1742 2226 ἔρχομαι
1770 2167 1795 2206 5

159 2235 315 2306 ἐρέων
341 2235 410 2290 ὡς
435 2232 598 2290 οὕτως
622 2233 652 2304 ἢ
680 2235 854 2289 ἄλλως
881 2255 978 2290 κως
1004 2239 1163 2289 ταῦτα
1183 2233 1401 2305 ἐγένετο·
1446 2235 1534 2287 τὸν
1554 2234 1609 2286 δὲ
1630 2227 1745 2285 οἶδα

156 2313 310 2368 αὐτὸς
335 2318 538 2385 πρῶτον
558 2314 850 2384 ὑπάρξαντα
869 2313 1055 2366 ἀδίκων
1074 2313 1238 2384 ἔργων
1256 2313 1307 2366 ἐς
1327 2310 1446 2365 τοὺς
1463 2310 1741 2377 Ἕλληνας,

155 2395 340 2445 τοῦτον
377 2389 620 2460 σημήνας,
649 2389 983 2462 προβήσομαι
1021 2391 1073 2445 ἐς
1105 2393 1165 2443 τὸ
1205 2391 1389 2459 πρόσω
1424 2392 1517 2441 τοῦ
1558 2389 1741 2458 λόγου,

157 2470 348 2538 ὁμοίως
372 2471 526 2540 μικρὰ
554 2471 636 2522 καὶ
667 2470 871 2539 μεγάλα
902 2468 1067 2520 ἄστεα
1100 2467 1380 2536 ἀνθρώπων
1406 2465 1637 2531 ἐπεξιών.
1681 2464 1743 2515 τὰ
1769 2477 1793 2518 6

154 2549 260 2619 γὰρ
299 2549 358 2601 τὸ
392 2549 554 2601 πάλαι
586 2549 787 2618 μεγάλα
811 2544 890 2612 ἦν,
919 2546 984 2597 τὰ
1020 2546 1195 2598 πολλὰ
1228 2543 1392 2595 αὐτῶν
1426 2543 1619 2610 σμικρὰ
1655 2539 1741 2608 γέ-

156 2639 298 2699 γονε“
349 2627 413 2680 τὰ
446 2626 501 2679 δὲ
537 2625 615 2680 ἐπ’
645 2625 770 2695 ἐμοῦ
805 2621 867 2690 ἢν
904 2624 1122 2693 μεγάλα,
1151 2623 1399 2691 πρότερον
1430 2616 1494 2685 ἦν
1531 2615 1740 2684 σμικρά.
