1975 2892
0 180 2 265 1

66 163 189 215 em]
468 111 768 159 ΕὙΤΕΡΠ
777 115 996 161 H.—11.
1031 121 1264 176 ¹49·15²·
1539 105 1656 160 208

70 220 326 294 Αἰγύπτῳ
370 221 552 289 λίμνης
598 221 794 292 ὄρυγμα
838 221 1097 292 γενέσθαι·
1161 222 1300 289 πλὴν
1344 223 1406 275 οὗ
1457 225 1652 284 νυκτὸς,

70 301 221 353 ἀλλὰ
246 299 355 368 μετ’
377 299 563 370 ἡμέρην
587 298 903 368 ποιεύμενον·
944 298 1266 369 ὀρύσσοντας
1289 301 1390 371 γὰρ
1415 303 1504 353 τὸν
1526 304 1656 370 χοῦν

72 378 202 432 τοὺς
242 377 565 449 Αἰγυπτίους,
609 378 662 432 ἐς
700 379 789 430 τὸν
829 381 1020 430 Νεῖλον
1059 378 1286 448 φορέειν·
1342 380 1372 430 ὁ
1412 379 1486 439 δὲ,
1525 380 1650 432 ὑπο-

73 457 377 523 λαμβάνων,
407 457 593 522 ἔμελλε
620 455 857 524 διαχέειν.
901 454 931 522 ἡ
958 455 1052 522 μέν
1077 476 1165 508 νυν
1189 454 1342 523 λίμνη
1370 453 1494 523 αὕτη
1521 454 1654 509 οὕτω

73 533 287 599 λέγεται
314 533 607 600 ὀρυχθῆναι.

154 611 269 659 Τῶν
312 607 369 659 δὲ
414 607 641 660 δυώδεκα
683 604 945 669 βασιλέων
992 603 1282 673 δικαιοσύνῃ
1327 603 1643 675 χρεωμένων,
1669 613 1780 668 151

79 764 277 831 ὑστάτῃ
318 767 407 832 τῆς
451 767 603 834 ὁρτῆς
653 766 945 832 μελλόντων
992 764 1371 824 κατασπείσειν,
1420 765 1450 816 ὁ
1496 763 1647 833 ἀρχι-

76 841 197 910 ρεὺς
233 839 449 906 ἐξένεικέ
483 841 587 909 σφι
621 841 816 909 φιάλας
848 839 1092 910 χρυσέας,
1127 839 1252 908 τῇσί
1288 862 1386 910 περ
1424 839 1653 894 ἐώθεσαν

80 919 335 978 σπένδειν,
365 919 599 987 ἁμαρτὼν
624 920 716 969 τοῦ
750 917 982 988 ἀριθμοῦ,
1013 917 1204 978 ἕνδεκα,
1233 918 1456 972 δυώδεκα
1482 919 1646 972 ἐοῦσι.

77 995 297 1048 ἐνθαῦτα
332 996 400 1050 ὣς
434 995 527 1048 οὐκ
561 989 669 1064 εἶχε
704 996 899 1064 φιάλην
934 999 963 1048 ὁ
1000 997 1222 1064 ἔσχατος
1260 997 1448 1050 ἑστεὼς
1487 996 1690 1054 αὐτῶνς

76 1074 417 1143 Ψαμμίτιχος,
447 1075 804 1143 περιελόμενος
840 1073 931 1140 τὴν
967 1073 1157 1139 κυνέην,
1188 1073 1374 1126 ἐοῦσαν
1407 1074 1646 1142 χαλκέην,

76 1151 281 1220 ὑπέσχε
304 1173 362 1204 τε
389 1152 471 1203 καὶ
496 1151 727 1204 ἔσπενδε.
784 1150 958 1206 κυνέας
984 1151 1041 1204 δὲ
1067 1151 1148 1204 καὶ
1174 1153 1224 1204 οἱ
1255 1151 1410 1206 ἄλλοι
1435 1152 1650 1206 ἅπαντες
1663 1172 1689 1212 a

80 1229 302 1299 ἐφόρεόν
319 1250 377 1282 τε
400 1228 663 1294 βασιλέες,
684 1229 766 1282 καὶ
793 1227 1072 1298 ἐτύγχανον
1095 1231 1212 1282 τότε
1238 1231 1459 1299 ἔχοντες.
1502 1237 1647 1296 Ψαμ-

78 1306 285 1375 μίτιχος
316 1306 409 1375 μέν
442 1328 530 1360 νυν
556 1307 723 1360 οὐδενὶ
758 1307 953 1379 δολερῷ
980 1309 1079 1378 νόῳ
1118 1309 1421 1376 χρεώμενος,
1451 1306 1652 1374 ὑπέσχε

79 1384 174 1451 τὴν
200 1384 391 1451 κυνέην.
447 1386 497 1437 οἶ
523 1384 597 1446 δὲ,
628 1385 682 1438 ἐν
708 1385 859 1455 φρενὶ
893 1387 1144 1448 λαβόντες
1179 1387 1239 1437 τό
1273 1405 1330 1436 τε
1359 1383 1568 1450 ποιηθὲν
1595 1384 1690 1440 ἐκι

79 1462 427 1531 Ψαμμιτίχου,
457 1462 539 1514 καὶ
564 1464 622 1515 τὸ
648 1460 964 1532 χρηστήριον
989 1459 1021 1512 ὅ
1055 1482 1105 1513 τι
1133 1460 1373 1531 ἐκέχρητό
1411 1462 1532 1530 σφι,
1562 1461 1650 1514 τὸν

78 1540 276 1608 χαλκέῃ
314 1541 598 1594 σπείσαντα
631 1541 795 1593 αὐτῶν
829 1541 1016 1608 φιάλῃ,
1051 1543 1232 1592 τοῦτον
1265 1538 1493 1604 βασιλέα
1531 1539 1646 1591 ἔσε-

82 1616 209 1670 σθαι
252 1621 439 1685 μοῦνον
476 1616 754 1688 Αἰγύπτου·
814 1616 1213 1684 ἀναμνησθέντες
1253 1618 1346 1669 τοῦ
1389 1618 1648 1686 χρησμοῦ,

82 1696 269 1748 κτεῖναι
302 1695 395 1763 μὲν
429 1695 519 1747 οὐκ
556 1695 857 1748 ἐδικαίωσαν
882 1695 1222 1763 Ψαμμίτιχον,
1253 1694 1321 1749 ὧς
1354 1691 1652 1764 ἀνεύρισκον

80 1772 444 1838 βασανίζοντες
470 1773 529 1839 ἐξ
554 1773 787 1841 οὐδεμιῆς
810 1772 1052 1843 προνοίης
1077 1773 1230 1826 αὐτὸν
1253 1770 1557 1840 ποιήσαντα·
1601 1771 1653 1826 ἐς

82 1851 142 1902 δὲ
176 1851 239 1902 τὰ
273 1851 401 1903 ἕλεα
433 1851 581 1917 ἔδοξέ
616 1853 719 1920 σφι
754 1851 949 1916 διῶξαι,
978 1849 1316 1920 ψιλώσαντας
1342 1851 1406 1903 τὰ
1429 1852 1654 1904 πλεῖστα

83 1929 177 1994 τῆς
218 1929 469 1996 δυνάμιος·
542 1931 597 1982 ἐκ
642 1929 697 1982 δὲ
742 1935 843 1982 τῶν
882 1928 1040 1982 ἐλέων
1078 1931 1394 2000 ὁρμεῶμενον
1430 1928 1498 1996 μὴ
1541 1928 1650 1982 ἐπι-

83 2006 363 2076 μίσγεσθαι
390 2013 453 2075 τῇ
478 2007 615 2074 ἄλλῃ
643 2005 900 2079 Αἰγύπτῳ.
1131 2009 1232 2061 Τὸν
1251 2009 1306 2062 δὲ
1332 2007 1654 2076 Ψαμμίτιχον
1668 2006 1693 2057 1
1706 2005 1781 2060 52

84 2088 281 2145 τοῦτον,
309 2088 557 2156 πρότερον
582 2083 843 2155 φεύγοντα
876 2086 965 2137 τὸν
990 2084 1210 2138 Αιθίοπα
1234 2088 1494 2149 Σαβακῶν,
1523 2084 1579 2139 ὅς
1605 2086 1654 2137 οἶ

84 2163 177 2215 τὸν
208 2163 399 2232 πατέρα
426 2164 602 2216 Νεκῶν
638 2162 912 2223 ἀπέκτεινε,
942 2165 1124 2214 τοῦτον
1159 2161 1418 2232 φεύγοντα
1452 2164 1567 2213 τότε
1604 2162 1656 2216 ἐς

84 2239 284 2309 Συρίην,
334 2241 401 2294 ὧς
446 2239 755 2308 ἀπαλλάχθη
803 2240 857 2292 ἐκ
902 2241 993 2307 τῆς
1039 2238 1196 2308 ὄψιος
1246 2242 1338 2291 τοῦ
1383 2238 1580 2308 ονείρου
1625 2240 1654 2290 ὁ

84 2316 301 2387 Αἰθίοψ,
346 2316 629 2388 κατήγαγον
671 2317 959 2387 Αἷγυπτίων
1001 2315 1142 2369 οὗτοι
1184 2337 1234 2368 οι
1276 2316 1331 2369 ἐκ
1371 2319 1526 2383 νομοῦ
1565 2318 1658 2368 τοῦ

86 2388 273 2448 Σαΐτεώ
312 2394 435 2449 εἶσι.
490 2396 619 2463 μετὰ
658 2394 732 2456 δὲ,
760 2392 1126 2459 βασιλεύοντα,
1155 2396 1214 2446 τὸ
1255 2390 1490 2463 δεύτερον
1527 2393 1653 2462 πρὸς
1667 2401 1690 2440 ²

84 2477 191 2526 τῶν
215 2471 388 2525 ἕνδεκα
420 2473 686 2537 βασιλέων
712 2473 1088 2540 καταλαμβάνει
1121 2493 1208 2539 μιν
1243 2471 1327 2524 διὰ
1360 2469 1452 2537 τὴν
1486 2469 1662 2536 κυνέην

87 2546 300 2622 φεύγειν
326 2550 380 2605 ἐς
404 2550 469 2602 τὰ
495 2549 638 2604 ἕλεα.
694 2548 1066 2618 Ἐπιστιίμενος
1101 2548 1171 2602 ὧν
1197 2549 1264 2604 ὦς
1289 2545 1652 2620 περιυβρισμέ-
1671 2555 1696 2596 8
