1975 2892
279 161 286 168 ,
311 104 427 160 346
891 117 1300 165 ΗΡοΔοΤοΥ

263 248 292 289 2
311 231 540 297 ἑζόμενος
566 230 621 283 δέ
647 228 734 284 ἐπὶ
751 232 824 303 τῷ
851 231 960 304 ἱρῷ,
987 230 1185 297 ἐθηεῖτο
1212 232 1303 283 τὸν
1326 231 1548 290 Πόντον,
1579 229 1753 282 ε’όντα
1770 230 1921 295 ἀξιο-

310 309 506 376 θέητον.
549 309 813 379 πελαγέων
835 310 934 380 γὰρ
955 311 1189 362 ἁπάντων
1213 307 1411 376 πέφυκε
1439 307 1919 374 θωυμασιώτατος·
1959 375 1960 382 ἶ

308 389 400 439 τοῦ
441 387 500 438 τὸ
541 386 635 453 μὲν
673 389 830 453 μῆκος
871 387 1077 440 στάδιοί
1117 387 1222 438 εἶσι
1266 387 1441 438 ἑκατὸν
1480 387 1567 438 καὶ
1606 387 1797 454 χίλιοι
1842 407 1917 436 και

309 462 496 532 μύριοι·
541 465 601 516 τὸ
629 465 684 517 δὲ
711 463 873 535 εὖρος,
895 468 956 531 τῇ
985 462 1257 535 εὐρύτατος
1282 465 1431 518 αὐτὸς
1452 465 1677 522 ἑωυτοῦ,
1706 465 1915 516 στάδιοι

265 557 291 598 ⁸
310 543 591 611 τριηκόσιοι
637 543 717 594 καὶ
769 543 1074 612 τρισχίλιοι.
1142 541 1329 594 τούτου
1380 545 1471 594 τοῦ
1523 543 1807 612 πελάγεος
1860 543 1913 592 τὸ

311 621 480 686 στόμα
506 618 624 672 ἐστὶ
649 617 794 690 εὖρος
828 619 1075 690 τέσσερες
1107 621 1329 673 στάδιον
1374 621 1531 687 μῆκος
1558 619 1617 671 δὲ
1646 623 1757 672 τοῦ
1786 623 1911 671 στό-
1959 687 1960 692 1

309 719 485 762 ματος,
523 701 552 750 ό
593 698 770 771 αὐχὴν,
813 700 871 750 τὸ
911 697 973 765 δὴ
1016 700 1286 768 Βόσπορος
1325 697 1579 763 κέκληται,
1609 695 1734 748 κατ’
1778 696 1811 748 ὃ
1856 697 1911 763 δὴ
1959 693 1960 732 ἶ

310 775 510 838 ἔζευκτο
537 774 568 842 ἡ
595 776 814 847 γέφυρα,
843 775 928 829 ἐπὶ
957 776 1199 830 σταδίους
1233 773 1399 828 εἴκοσι
1434 776 1516 827 καὶ
1546 771 1743 828 ἑκατόν
1768 774 1907 827 ἐστι.

265 864 292 905 4
311 852 458 905 τείνει
493 851 537 906 δ’
565 855 619 908 ἐς
651 854 742 921 τὴν
775 854 1101 924 Προποντίδα
1134 857 1165 906 ὁ
1200 856 1486 923 Βόσπορος.
1568 851 1637 904 ‘H
1672 853 1737 905 δὲ
1765 861 1907 922 Προ-
1959 913 1960 922 ¹

309 931 500 990 ποντὶς,
531 931 691 983 ἐοῦσα
718 929 862 1002 εὖρος
888 933 980 999 μὲν
1010 932 1233 984 σταδίων
1249 930 1619 989 πεντακοσίων,
1648 933 1826 998 μῆκος
1854 931 1907 982 δε

310 1009 649 1078 τετρακοσίων
675 1011 757 1062 καὶ
781 1011 982 1078 χιλίων,
1006 1010 1266 1062 καταδιδοῖ
1290 1010 1342 1064 ἐς
1361 1010 1451 1062 τὸν
1474 1006 1906 1074 Ἑλλήσποντον,

309 1085 455 1139 ἐόντα
481 1090 764 1154 στεινότητι
789 1089 882 1155 μὲν
914 1089 1045 1140 ἑπτὰ
1080 1087 1338 1147 σταδίους,
1366 1089 1524 1154 μῆκος
1559 1087 1616 1138 δέ
1646 1107 1903 1157 τετρακο-

266 1177 292 1218 5
311 1163 474 1219 σίους.
519 1165 710 1218 ἐκδιδοῖ
742 1166 797 1218 δὲ
837 1169 866 1218 ὁ
891 1165 1281 1233 Ἑλλήσποντος
1307 1165 1359 1220 ἐς
1398 1167 1578 1233 χάσμα
1616 1166 1901 1230 πελάγεος,

215 1243 293 1298 86
309 1244 368 1295 τὸ
419 1242 481 1310 δὴ
532 1243 742 1314 Αἶγαῖον
793 1244 1044 1296 καλέεται.
1253 1243 1571 1312 Μεμέτρηται
1624 1243 1683 1294 δὲ
1738 1247 1904 1296 ταῦτα

311 1320 425 1373 ὧδε·
471 1325 586 1388 νηῦς
627 1321 809 1376 ἐπίπαν
846 1322 1077 1389 μάλιστά
1118 1342 1175 1389 κη
1220 1319 1449 1373 κατανύει
1486 1321 1539 1372 ἐν
1576 1321 1901 1390 μακρημερίῃ

269 1413 293 1452 2
311 1398 518 1470 ὀργυιὰς
559 1399 969 1470 ἑπτακισμυρίας,
1016 1402 1193 1454 νυκτὸς
1232 1400 1306 1464 δὲ,
1352 1397 1736 1467 ἑξακισμυρίας.
1795 1402 1834 1465 ἥ
1837 1401 1901 1465 δη

312 1475 381 1529 ὧν
406 1477 459 1532 ἐς
498 1478 591 1547 μὲν
632 1479 795 1530 Φάσιν
837 1478 936 1531 ἀπὸ
979 1481 1071 1530 τοῦ
1115 1479 1386 1545 στόματος,
1418 1473 1597 1543 (τοῦτο
1638 1476 1741 1547 γάρ
1778 1477 1903 1529 ἐστι

311 1558 402 1607 τοῦ
429 1559 630 1609 Πόντου
655 1549 1013 1625 μακρότατον,)
1041 1553 1265 1625 ἡμερέων
1292 1555 1433 1607 ἐννέα
1456 1555 1621 1608 πλόος
1645 1554 1781 1618 ἐστὶ,
1812 1557 1903 1607 καὶ

311 1639 500 1686 νυκτῶν
524 1634 673 1686 ὀκτώ·
717 1632 862 1686 αὗται
883 1633 1057 1686 ἕνδεκα
1075 1634 1313 1703 μυριάδες
1340 1633 1421 1685 καὶ
1442 1633 1619 1684 ἑκατὸν
1644 1632 1903 1701 ὀργυιέων

308 1710 550 1780 γίνονται·
596 1712 650 1764 ἐκ
691 1712 746 1764 δέ
785 1717 886 1765 τῶν
923 1711 1167 1782 ὀργυιέων
1204 1711 1441 1772 τουτέων,
1471 1710 1673 1763 στάδιοι
1714 1711 1903 1764 ἑκατὸν

270 1789 392 1850 arca}
427 1789 592 1858 χίλιοι
631 1790 713 1842 καὶ
750 1788 924 1858 μύριοί
958 1789 1082 1842 εἶσι.
1126 1790 1179 1845 ἐς
1217 1789 1274 1842 δὲ
1316 1785 1637 1857 Θεμισκύρην
1674 1787 1769 1854 τὴν
1810 1790 1902 1843 ἐπὶ

312 1868 631 1935 Θερμώδοντι
670 1869 880 1940 ποταμῷ
919 1868 974 1920 ἐκ
1014 1869 1103 1934 τῆς
1143 1868 1383 1933 Σινδικῆς,
1414 1863 1565 1937 (κατὰ
1596 1869 1749 1936 τοῦτο
1787 1870 1898 1937 γάρ

311 1945 425 1995 ἐστι
451 1949 542 1997 τοῦ
576 1949 778 1999 Πόντου
813 1943 1131 2016 εὐρύτατον)
1162 1949 1314 2015 τριῶν
1348 1965 1403 1996 τε
1438 1943 1661 2014 ἡμερέων
1685 1945 1769 1997 καὶ
1794 1944 1894 1999 δύο

310 2027 500 2074 νυκτῶν
539 2025 719 2078 πλόος·
764 2022 910 2076 αὗται
952 2023 1009 2076 δὲ
1052 2025 1187 2093 τρεῖς
1224 2023 1463 2092 μυριάδες
1502 2023 1582 2073 καὶ
1621 2018 1895 2091 τριήκοντα

309 2099 553 2170 ὀργυιέων
577 2100 820 2172 γίνονται,
852 2102 1053 2154 στάδιοι
1082 2102 1136 2154 δέ
1163 2103 1445 2170 τριηκόσιοι
1472 2100 1553 2151 καὶ
1578 2099 1884 2168 τρισχίλιοι.

267 2178 368 2236 4‘0
395 2179 488 2247 μέν
522 2201 610 2233 νυν
647 2182 844 2234 Πόντος
883 2178 1032 2233 οὗτος
1074 2180 1155 2232 καὶ
1195 2181 1463 2248 Βόσπορός
1502 2199 1557 2230 τε
1592 2178 1673 2228 καὶ
1696 2175 1887 2246 Ἐλλή-

311 2278 535 2312 σποντος
561 2255 694 2310 οὕτω
721 2258 778 2308 τέ
800 2278 888 2324 μοι
913 2259 1260 2327 μεμετρέαται,
1292 2257 1371 2308 καὶ
1407 2256 1533 2307 κατὰ
1567 2255 1631 2308 τὰ
1656 2253 1887 2325 εἰρημένα

265 2348 291 2386 5
308 2330 588 2399 πεφύκασι.
669 2335 957 2402 Παρέχεται
999 2335 1054 2386 δὲ
1092 2335 1173 2386 καὶ
1210 2333 1393 2400 λίμνην
1428 2337 1457 2385 ὁ
1493 2336 1691 2387 Πόντος
1715 2331 1878 2394 οὗτος,

307 2409 606 2461 ἐκδιδοῦσαν
647 2409 698 2463 ἐς
737 2411 942 2470 ἑωυτὸν,
971 2411 1033 2462 οὔ
1072 2412 1257 2482 πολλῷ
1283 2411 1383 2482 τέῳ
1422 2410 1648 2462 ἐλάσσω
1673 2411 1875 2464 εωυτοῦ·

305 2477 334 2541 ἣ
363 2485 579 2547 Μαιῆτίς
604 2506 659 2536 τε
687 2486 936 2544 καλέεται,
968 2488 1049 2539 καὶ
1075 2485 1239 2552 μήτηρ
1266 2491 1358 2540 τοῦ
1386 2489 1608 2540 Πόντου.

205 2546 282 2601 87
386 2555 448 2606 ‘0
501 2559 558 2609 δὲ
612 2563 839 2623 Δαρεῖος,
895 2562 964 2615 ὡς
1018 2560 1273 2624 ἐθηήσατο
1326 2561 1417 2615 τὸν
1466 2563 1682 2623 Πόντον,
1724 2563 1875 2618 ἔπλεε

1526 168 1600 215 [Α.
1618 167 1671 207 c.
1696 167 1923 208 ειε-ωτ,
1959 187 1960 224 3
