1975 2892
246 67 365 123 v332
839 77 1247 122 ΗΡοΔοΤοΥ

1536 130 1669 180 [A.c.
1690 141 1730 170 ο.
1752 127 1859 170 517.

251 189 335 242 ἐπὶ
359 193 433 262 τῷ
455 187 633 244 Ὑπάνι
660 181 1055 260 Βορυσθενεῗται
1088 187 1424 254 κατοίκηνται.
1466 189 1625 239 ταῦτα
1648 187 1753 255 μὲν
1781 189 1867 241 τὰ

250 267 351 320 ἀπὸ
377 265 569 320 τούτων
595 271 698 320 τῶν
721 270 982 334 ποταμῶν.

155 352 234 404 54
329 345 474 398 Μετὰ
515 346 572 399 δέ
625 345 833 402 τούτους
880 346 1109 415 πέμπτος
1144 345 1373 413 ποταμὸς
1410 343 1587 405 ἄλλος,
1626 346 1703 415 τῷ
1750 346 1854 395 οὔ·

251 443 378 491 νομα
417 426 753 491 Παντικάπης.
793 424 897 496 ῥέει
937 426 994 478 δὲ
1034 427 1115 479 καὶ
1152 423 1301 479 οὗτος
1334 423 1435 476 άπὸ
1468 417 1637 491 βορεῖυ
1664 444 1729 477 τε
1758 423 1859 476 καὶ

253 500 309 551 ἐκ
336 503 532 570 λίμνης,
560 505 642 557 καὶ
666 506 726 558 τὸ
751 504 940 572 μεταξὺ
965 505 1150 560 τούτου
1174 525 1231 556 τε
1257 503 1337 556 καὶ
1362 504 1455 555 τοῦ
1486 500 1857 572 Βορυσθένεος

249 578 482 649 νέμονται
518 583 567 635 οἱ
605 586 822 655 γεωργοὶ
859 582 1061 638 Σκύθαι·
1105 583 1292 636 ἐκδιδοῖ
1326 582 1382 634 δὲ
1410 581 1462 636 ἐς
1486 581 1577 648 τὴν
1599 579 1847 647 Ὑλαίην·

249 661 701 731 παραμειψάμενος
739 663 795 716 δέ
833 661 1036 731 ταύτην,
1074 665 1147 735 τῷ
1186 660 1495 731 Βορυσθένεϊ
1539 659 1851 730 συμμίσγε-

157 743 231 794 55
249 761 352 794 ται.
424 739 608 797 Ἕκτος
659 743 718 795 δὲ
768 741 1038 812 Ὑπάκυρις
1087 743 1331 809 ποταμός·
1386 739 1443 794 ὃς
1481 741 1698 809 ὁρμᾶται
1748 738 1849 805 μὲν

251 817 308 871 ἐκ
345 819 539 887 λίμνης,
581 821 662 872 διὰ
700 821 875 889 μέσων
914 822 970 875 δὲ
1012 827 1112 875 τῶν
1153 821 1383 890 νομάδων
1420 816 1649 872 Σκυθέων
1686 815 1849 887 ῥέων,

249 895 437 949 ἐκδιδοῖ
475 901 600 952 κατὰ
641 903 928 970 Καρκινῖτιν
964 903 1137 964 πόλιν,
1171 901 1223 956 ἐς
1260 898 1433 968 δεξιὴν
1468 895 1708 969 ἀπέργων
1749 893 1851 962 τήν

247 994 308 1027 τε
358 975 568 1044 Ὑλαίην
628 979 710 1031 καὶ
761 981 851 1033 τὸν
902 979 1202 1046 Ἀχιλλὴἵον
1254 981 1557 1041 καλεόμενον
1609 975 1844 1036 Δρόμον.

155 1048 236 1102 56
250 1046 515 1116 Ἕβδομος
555 1048 611 1101 δὲ
651 1050 839 1120 Γέρρος
875 1051 1105 1117 ποταμὸς
1142 1053 1458 1117 ἀπέσχισται
1494 1049 1587 1116 μὲν
1618 1049 1724 1101 ἀπὸ
1750 1051 1851 1100 τοῦ

262 1125 623 1197 Βορυσθένεος,
641 1128 768 1181 κατὰ
805 1130 957 1180 τοῦτο
998 1129 1088 1194 τῆς
1117 1128 1305 1196 χώρης,
1334 1127 1387 1181 ἐς
1422 1124 1451 1179 δ
1480 1128 1789 1198 γινώσκεται
1816 1127 1853 1178 ὅ

261 1202 600 1274 Βορυσθένης·
645 1204 960 1273 ἀπέσχισται
985 1206 1080 1273 μέν
1105 1226 1194 1258 νυν
1220 1206 1275 1257 ἐκ
1309 1202 1493 1258 τούτου
1526 1208 1620 1258 τοῦ
1643 1205 1843 1273 χώρου,

262 1284 450 1349 οὕνομα
485 1282 541 1334 δέ
576 1283 684 1351 ἔχει
719 1284 876 1352 τόπερ
916 1286 945 1335 ὁ
979 1288 1149 1354 χῶρος
1182 1283 1352 1343 αὐτὸς.
1381 1282 1585 1352 Γέρρος.
1627 1280 1759 1355 ῥέων
1795 1281 1845 1334 δ’

263 1361 315 1415 ἐς
352 1359 642 1420 θάλασσαν,
673 1360 860 1431 οὐρίζει
898 1359 993 1429 τῆν
1026 1382 1082 1414 τε
1114 1366 1217 1414 τῶν
1252 1363 1504 1429 Νομάδων
1537 1363 1729 1431 χώρην,
1758 1361 1843 1414 καὶ

261 1439 360 1507 τὴν
381 1443 482 1492 τῶν
505 1433 797 1507 βασιληίων
822 1438 1069 1493 Σκυθέων·
1115 1440 1305 1492 ἐκδιδοῖ
1337 1439 1392 1491 δέ
1429 1440 1482 1494 ἐς
1506 1442 1595 1492 τὸν
1619 1439 1837 1493 Ὑπάκυ-

171 1509 248 1569 57
261 1536 360 1584 ριν.
557 1514 784 1588 Ὀγδοος
829 1518 886 1570 δὲ
927 1518 989 1584 δὴ
1032 1519 1214 1572 Τάναῖς
1250 1520 1497 1585 ποταμός·
1545 1517 1604 1572 ὃς
1636 1516 1743 1589 ῥέει
1776 1517 1841 1569 τὰ

261 1592 499 1647 ἀνέκαθεν
537 1595 594 1647 ἐκ
633 1596 813 1663 λίμνης
849 1597 1077 1666 μεγάλης
1116 1597 1449 1666 ὁρμεώμενος.
1479 1596 1669 1648 ἐκδιδοῖ
1701 1594 1756 1648 δὲ
1788 1595 1839 1648 ἐς

261 1671 394 1739 μέζω
429 1673 503 1725 ἔτι
541 1672 727 1740 λίμνην
763 1673 1072 1742 καλεομένην
1110 1676 1347 1738 Μαιῆτιν,
1377 1671 1407 1738 ἦ
1434 1674 1621 1738 οὐρίζει
1649 1672 1837 1727 Σκύθας

223 1762 318 1802 nrt
355 1751 474 1806 τοὺς
511 1747 816 1821 βασιληίους
852 1755 933 1807 καὶ
971 1754 1313 1824 Σαυρομάτας.
1358 1752 1410 1808 ἐς
1436 1751 1491 1804 δέ
1518 1752 1699 1804 Τάναῖν
1722 1753 1835 1802 τοῦ·

259 1848 351 1880 τον
389 1829 550 1886 ἄλλος
586 1834 814 1892 ποταμὸς
853 1833 1119 1896 ἐσβάλλει,
1160 1835 1233 1896 τῷ
1274 1831 1463 1898 οὔνομά
1502 1829 1616 1882 ἐστι
1646 1828 1833 1900 ”Υργις.

171 1905 247 1960 58
264 1905 412 1956 Τοῖσι
449 1904 544 1971 μὲν
580 1904 642 1972 δὴ
683 1905 1054 1973 οὖνομαστοῖσι
1092 1909 1371 1975 ποταμοῖσι
1418 1903 1551 1959 οὕτω
1593 1904 1654 1972 δή
1694 1927 1742 1958 τι
1782 1907 1831 1958 οί

225 1997 250 2036 2
265 1977 450 2033 Σκύθαι
495 1981 843 2036 ἐσκευάδαται.
925 1987 1077 2039 Τοῖσι
1118 1986 1174 2038 δέ
1227 1983 1433 2052 κτήνεσι
1478 1983 1507 2052 ἡ
1553 1984 1672 2051 ποίη
1710 1984 1827 2036 άνα-

264 2057 492 2128 φυομένη
547 2060 601 2112 ἐν
651 2065 714 2128 τῇ
765 2060 997 2130 Σκυθικῇ,
1052 2064 1169 2116 εστι
1228 2063 1581 2132 ἐπιχολωτάτη
1631 2061 1829 2116 πασέων

261 2136 449 2190 ποιέων
473 2142 574 2190 τῶν
593 2136 734 2206 ἡμεῖς
758 2136 918 2207 ἴδμεν·
963 2140 1342 2212 ἀνοιγομένοισι
1378 2141 1433 2194 δε
1468 2143 1609 2193 τοῖσι
1634 2138 1826 2208 κτήνεσί

264 2215 379 2266 ἐστι
406 2216 832 2285 σταθμώσασθαι,
863 2216 941 2270 ὅτι
965 2222 1119 2271 τοῦτο
1146 2241 1307 2274 ουτως
1330 2220 1459 2286 ἔχει.

167 2297 247 2349 59
342 2294 416 2346 Τὰ
452 2295 547 2363 μὲν
585 2294 647 2354 δὴ
687 2296 906 2364 μέγιστα
943 2295 1077 2352 οὕτω
1118 2300 1223 2366 σφι
1263 2299 1457 2363 εὔπορά
1494 2298 1732 2352 ἐστι.τᾶ
1767 2301 1819 2353 δέ

221 2382 246 2419 2
262 2365 421 2418 λοιπὰ
473 2368 652 2434 νόμαια
703 2369 830 2421 κατὰ
880 2369 1004 2422 τάδε
1055 2371 1159 2438 σφι
1202 2371 1467 2424 διακέεται.
1551 2371 1696 2425 Θεούς
1734 2374 1820 2439 μὲν

262 2438 478 2504 μούνους
508 2442 699 2497 τούσδε
738 2447 1056 2498 ἱλάσκονται·
1098 2446 1291 2514 Ἱστίην
1327 2449 1422 2515 μὲν
1459 2451 1697 2517 μάλιστα
1740 2451 1819 2504 ἐπὶ

329 2517 468 2570 Δία
491 2540 550 2572 τε
588 2523 670 2576 καὶ
703 2525 819 2589 Γῆν,
848 2524 1135 2592 νομίζοντες
1174 2525 1266 2593 τὴν
1302 2528 1403 2595 Γῆν
1436 2531 1532 2581 τοῦ
1568 2532 1681 2584 Διὸς
1704 2522 1817 2582 εἶναι
