1975 2892
521 118 1011 167 eAAEIA.—-111.
1048 118 1218 181 72276.
1544 112 1660 168 26³
1688 154 1695 161 -

51 182 138 222 Ol.
155 180 221 223 64.
237 180 297 231 Q]

55 237 132 291 ἐς
155 236 370 305 Πέρσας
394 236 676 305 γεγονυῖαν·
721 234 1117 305 ὑπισχνεύμενοι
1149 237 1215 290 τὰ
1238 236 1403 291 πάντα
1428 236 1483 291 οἷ
1504 237 1660 308 μυρία

57 316 286 367 δώσειν.
331 312 702 381 ὑποδεκομένου
729 313 785 366 δὲ
811 318 904 366 τοῦ
925 315 1252 384 Πρηξάσπεα»
1272 314 1511 383 ποιήσειν
1536 318 1657 369 ταῦ·
1680 332 1705 375 ⁸
1742 340 1749 347 ·

61 413 159 452 τα,
201 391 272 445 ὧς
309 390 582 443 ἀνέπεισάν
615 411 704 458 μιν
737 391 787 443 οί
825 392 1019 462 Μάγοι,
1062 390 1271 463 δεύτερα
1308 394 1661 464 προσέφερον,

59 469 226 522 αὐτοὶ
259 468 354 535 μὲν
387 468 607 537 φάμενοι
643 467 854 538 Πέρσας
890 471 1081 525 πάντας
1130 470 1434 541 συγκαλέειν
1466 471 1565 525 ὑπὸ
1602 473 1663 524 τὸ

59 544 360 614 βασιλὴῖον
388 549 576 615 τεῖχος,
606 548 769 599 κεῖνον
795 543 840 600 δ’
865 545 1104 601 ἐκέλευον
1134 548 1394 612 ἀναβάντα
1419 547 1507 601 ἐπὶ
1530 546 1662 619 πύρ-

59 646 174 697 γον
206 624 504 695 ἀγορεῦσαι,
534 624 602 679 ὣς
641 624 742 677 ὑπὸ
781 627 874 677 τοῦ
906 624 1079 695 Κύρου
1113 624 1355 696 Σμέρδιος
1395 625 1656 696 ἔρχονται,
1730 644 1749 671 '-

59 703 162 755 καὶ
187 701 270 755 ὑπ’
299 702 505 756 οὐδενὸς
529 701 714 755 ἄλλου.
756 705 915 756 ταῦτα
953 704 1010 757 δὲ
1036 701 1171 757 οὕτω
1206 702 1561 763 ἐνετέλλοντο,
1590 703 1661 758 ὣς
1684 718 1711 761 4

61 781 396 833 πιστοτάτου
435 778 585 847 δῆθεν
623 778 798 836 ἐόντος
835 781 993 835 αὐτοῦ
1029 782 1085 835 ἐν
1118 782 1379 852 Πέρσῃσι,
1408 781 1492 834 καὶ
1528 783 1663 835 πολ·
1732 802 1747 837 ·.

63 859 228 913 λάκις
253 857 630 926 ἀποδεξαμένου
648 858 852 928 γνώμην
872 860 940 915 ὧς
957 860 1153 931 περιείη
1174 863 1203 913 ὁ
1232 857 1405 930 Κύρου
1432 858 1661 954 Σμέρδις,

66 936 164 990 καὶ
199 935 606 1007 ἐξαρνησαμένου
640 938 732 989 τὸν
765 938 928 1006 φόνον
957 938 1133 991 αὐτοῦ.
1344 937 1573 1005 Φαμένου
1608 938 1663 991 δε
1683 935 1758 996 75

67 1015 164 1068 καὶ
191 1017 348 1067 ταῦτα
375 1013 578 1082 ἑτοίμου
605 1009 730 1067 εἶναι
755 1014 946 1069 ποιέειν
969 1020 1063 1068 τοῦ
1090 1016 1437 1086 Πρηξάσπεα»,
1468 1035 1661 1087 συγκα-

63 1091 328 1147 λέσαντες
353 1092 562 1161 Πέρσας
587 1093 638 1145 01
669 1092 861 1163 Μάγοι,
889 1094 1211 1159 ἀνεβίβασαν
1244 1093 1451 1148 αὐτόν’
1423 1092 1507 1147 επὶ
1532 1091 1663 1163 πύρ-

65 1192 194 1243 γον,
223 1170 306 1224 καὶ
331 1167 592 1241 ἀγορεύειν
618 1170 875 1225 ἐκέλευον.
955 1169 1021 1223 ‘0
1054 1172 1130 1233 δέ,
1158 1178 1259 1227 τῶν
1288 1171 1461 1242 μέντοι
1487 1172 1666 1225 ἐκεῖνοι
1682 1186 1711 1229 2

70 1249 428 1319 προσεδέοντο
454 1248 628 1310 αυτοῦ,
656 1246 850 1303 τούτων
880 1249 974 1318 μὲν
1010 1250 1136 1303 εκῶν
1167 1247 1463 1317 ἐπελήθετο
1506 1249 1664 1319 ἀρξά-

70 1346 234 1396 μενος
257 1326 312 1380 δὲ
340 1326 442 1379 άπὸ
459 1324 805 1395 Ἀχαιμένεος,
828 1328 1199 1399 ἐγενεηλόγησε
1224 1329 1317 1396 τὴν
1334 1325 1551 1398 πατριὴν
1574 1326 1667 1394 τὴν
1728 1366 1736 1372 -.

71 1402 274 1475 Κύρου·
317 1404 446 1471 μετὰ
479 1404 554 1464 δὲ,
585 1404 652 1460 ὡς
687 1404 740 1460 ἐς
774 1408 956 1458 τοῦτον
992 1405 1197 1472 κατέβη,
1226 1409 1477 1458 τελευτῶν
1512 1405 1669 1474 ἔλεγε

73 1482 188 1536 ὅσα
206 1482 371 1552 ἀγαθὰ
391 1486 558 1553 Κῦρος
577 1482 785 1553 Πέρσας
799 1480 1087 1550 πεποιήκοι·
1126 1481 1401 1581 διεξελθὼν
1416 1482 1473 1535 δε
1488 1484 1664 1542 ταῦτα,

74 1559 322 1629 ἐξέφαινε
347 1561 438 1627 τὴν
463 1555 726 1627 ἀληθηιην,
755 1562 987 1630 φάμενος
1016 1562 1267 1641 πρότερον
1290 1561 1383 1627 μὲν
1409 1558 1662 1631 κρύπτειν·

73 1638 147 1692 οὗ
171 1640 272 1709 γάρ
297 1640 348 1691 οἱ
382 1660 506 1691 ειναι
541 1639 782 1708 ἀσφαλὲς
807 1638 980 1709 λέγειν
1014 1628 1098 1691 τὰ
1110 1641 1370 1708 γενόμενα
1416 1638 1471 1691 ἐν
1504 1638 1561 1691 δὲ
1596 1640 1667 1710 τῷ

76 1718 328 1787 παρεόντι
361 1716 632 1787 ἀναγκαίην
665 1738 753 1785 μιν
787 1718 1195 1785 καταλαμβάνειν
1228 1715 1450 1786 φαίνειν.
1494 1716 1579 1769 καὶ
1604 1714 1665 1783 δὴ
1683 1725 1731 1767 8

75 1798 259 1864 ἔλεγε,
288 1795 378 1847 τὸν
400 1796 494 1863 μὲν
529 1792 700 1865 Κύρου
736 1794 1001 1865 Σμέρδιν“
973 1816 1043 1849 ως
1068 1794 1220 1850 αὐτὸς
1246 1794 1345 1847 ὑπὸ
1374 1794 1667 1861 Καμβύσεω

75 1873 483 1943 ἀναγκαζόμενος
508 1872 832 1934 ἀποκτείνειε,
861 1873 980 1929 τοὺς
1017 1874 1228 1945 Μάγους
1254 1872 1310 1926 δέ
1347 1868 1665 1937 βασιλεύειν.

77 1950 330 2019 Πέρσῃσι
371 1950 428 2003 δὲ
467 1951 644 2005 πολλὰ
677 1950 1076 2021 ἐπαρησάμενος,
1106 1950 1152 2003 εἶ
1186 1950 1255 2020 μὴ
1296 1948 1668 2018 ἀνακτησαίατο
1683 1960 1710 2003 4

79 2028 260 2083 ὀπίσω
311 2026 403 2095 τὴν
453 2028 618 2099 ἀρχὴν
663 2029 746 2081 καὶ
785 2028 906 2083 τοὺς
957 2028 1173 2099 Μάγους
1212 2029 1465 2089 τισαίατο,
1508 2028 1669 2096 ἀπῆκε

79 2107 278 2161 ἑωυτὸν
316 2106 400 2159 ἐπὶ
439 2104 672 2175 κεφαλὴν
709 2104 966 2175 φέρεσθαι
1005 2106 1105 2159 ἀπὸ
1145 2110 1237 2160 τοῦ
1274 2104 1475 2176 πύργου
1514 2107 1669 2159 κάτω.

79 2183 407 2252 Πρηξάσπης
431 2186 524 2253 μέν
550 2205 656 2249 νυν,
679 2184 774 2237 ἐὸν
792 2185 882 2236 τὸν
899 2184 1065 2236 πάντα
1088 2186 1277 2252 χρόνον
1300 2184 1426 2253 ἀνὴρ
1445 2183 1668 2250 δόκιμος,

81 2258 224 2317 οὕτω
249 2261 571 2329 ἐτελεύτησε.

181 2340 244 2391 Οἱ
277 2338 334 2391 δὲ
370 2338 432 2406 δὴ
467 2339 594 2393 ἔπτὰ
629 2343 732 2393 τῶν
764 2340 1027 2411 Περσέων,
1056 2338 1124 2395 ὧς
1163 2333 1541 2403 ἐβουλεύσαντο
1574 2336 1663 2389 αύ-
1689 2330 1767 2390 76

91 2416 214 2473 τίκα
247 2414 546 2487 ἐπιχειρέειν
575 2418 715 2470 τοῖσι
750 2420 978 2485 Μάγοισι
1016 2419 1097 2471 καὶ
1130 2418 1202 2487 μὴ
1225 2415 1663 2482 ὑπερβάλλεσθαι,
1722 2424 1731 2455 2

127 2503 252 2550 ἴσαν
299 2496 566 2563 εὐξάμενοι
615 2496 757 2548 τοῖσι
809 2492 995 2554 θεοῖσι,
1036 2496 1137 2546 τῶν
1188 2492 1307 2563 περὶ
1357 2492 1675 2562 Πρηξάσπεα

83 2572 422 2648 πρηχθέντων
447 2572 641 2629 εἰδότες
665 2572 832 2626 οὐδέν.
873 2572 930 2626 ἔν
963 2592 1021 2623 τε
1056 2570 1118 2639 δὴ
1145 2574 1207 2639 τῇ
1234 2564 1339 2645 ὁδῷ
1370 2569 1506 2639 μέσῃ
1534 2568 1671 2625 στεί-
1686 2580 1733 2622 2⁸·
