1975 2892
243 75 361 131 230
835 83 1245 130 ΗΡοΔοΤοΥ

1466 134 1537 182 [A.
1553 133 1598 171 c.
1620 128 1836 171 525—522

245 201 336 253 τὸν
379 197 473 267 μὲν
509 195 778 267 ἄνθρωπον
819 198 1019 256 τοῦτον,
1062 195 1153 248 τὸν
1190 191 1598 263 μαστιγωθέντα,
1642 190 1843 243 ἀποθα-

249 280 397 331 νόντα
427 273 594 343 ἔθαψε
635 274 719 327 ἐπι
755 276 877 341 τῇσι
913 271 1103 343 θύρῃσι
1140 272 1281 326 ἐντὸς
1316 273 1405 338 τῆς
1430 271 1623 322 ἑωυτοῦ
1666 268 1845 335 θήκης,

249 353 436 408 ἑωυτὸν
470 353 526 405 δὲ
562 351 848 405 ἐνετείλατο
889 352 961 424 τῷ
999 350 1161 405 παιδὶ·
1187 350 1241 403 ἐν
1269 350 1418 421 μυχῷ
1448 349 1537 415 τῆς
1572 345 1735 414 θήκης
1780 348 1849 400 ὦς

213 450 236 491 8
251 434 480 501 μάλιστα
523 428 699 483 θεῖναι.
755 430 808 482 αἱ
842 428 935 497 μέν
973 450 1063 483 νυν
1108 426 1164 481 ἐκ
1206 431 1299 480 τοῦ
1343 425 1593 493 Ἀμάσιος
1636 422 1851 477 ἐντολαὶ

251 508 416 569 αὗται,
445 510 497 562 αἶ
533 507 586 564 ἐς
623 508 716 575 τὴν
748 504 920 577 ταφήν
953 528 1011 559 τε
1046 508 1129 559 καὶ
1163 506 1253 559 τὸν
1292 503 1560 574 ἄνθρωπον
1602 503 1851 571 ἔχουσαι,

255 591 317 641 οὔ
368 609 456 656 μοι
509 586 747 640 δοκέουσι
793 584 957 655 ἀρχὴν
995 582 1255 654 γενέσθαι,
1310 581 1431 635 ἀλλ’
1485 581 1664 635 ἄλλως
1718 580 1855 633 αὐτὰ

256 663 529 737 Αἰγύπτιοι
555 666 791 731 σεμνοῦν.

169 737 242 800 17
345 743 488 797 Μετὰ
541 741 598 794 δὲ
650 742 808 793 ταῦτα
853 740 882 790 ὁ
930 736 1215 805 Καμβύσης
1254 732 1599 801 ἐβουλεύσατο
1646 738 1847 805 τριφα-

259 814 378 869 σίας
406 808 695 883 στρατηΐας,
718 810 807 865 ἐπί
829 832 886 865 τε
923 812 1321 882 Καρχηδονίους,
1352 812 1435 865 καὶ
1476 809 1599 865 ἐπὶ’
1603 812 1851 880 Αμμωνί-

258 913 364 952 ους,
395 892 477 944 καὶ
516 890 600 943 ἐπὶ
630 890 748 944 τοὺς
785 889 1117 960 Μακροβίους
1151 889 1417 951 Αἰθίοπας,
1456 888 1756 956 οἰκημένους
1796 890 1855 943 δὲ

225 966 454 1036 ἏΛιβύης
496 968 582 1022 ἐπὶ
610 972 689 1035 -τῇ
741 967 880 1035 νοτίῃ
935 967 1201 1035 θαλάσσῃ.
1268 968 1632 1039 βουλευομένῳ
1688 968 1753 1021 δέ
1806 970 1855 1021 οἳ

261 1047 426 1113 ἔδοξε,
455 1047 540 1101 ἐπὶ
565 1046 658 1114 μὲν
686 1044 1067 1117 Καρχηδονίους
1090 1047 1181 1099 τὸν
1207 1048 1439 1099 ναυτικὸν
1466 1047 1693 1115 στρατὸν
1718 1046 1853 1099 ἀπο-

264 1124 530 1179 στέλλειν·
588 1124 672 1177 ἐπὶ
703 1124 759 1177 δὲ
792 1123 1126 1193 Ἀμμωνίους,
1160 1126 1253 1177 τοῦ
1291 1125 1447 1190 πεζοῦ
1486 1123 1853 1193 ἀποκρίναντα·

265 1203 348 1257 ἐπὶ
384 1203 440 1256 δὲ
479 1202 598 1257 τοὺς
623 1200 886 1266 Αἰθίοπας,
917 1204 1167 1257 κατόπτας
1204 1208 1426 1272 πρῶτον,
1459 1201 1763 1272 ὀψομένους
1800 1224 1857 1255 τε

266 1280 357 1349 τὴν
374 1281 428 1334 ἐν
443 1277 672 1333 τούτοισι
692 1282 831 1332 τοῖσι
847 1278 1066 1350 Αἰθίοψι
1103 1280 1384 1349 λεγομένην
1403 1275 1527 1333 εἶναι
1546 1278 1701 1346 ἡλίου
1727 1281 1853 1351 τρά-

266 1360 441 1425 πεζαν,
471 1357 514 1411 εἷ
541 1358 655 1410 ἔστι
690 1356 934 1425 ἀληθέως,
963 1358 1047 1410 καὶ
1084 1358 1213 1428 πρὸς
1238 1355 1393 1425 ταύτῃ
1428 1358 1493 1411 τὰ
1526 1358 1669 1410 ἄλλα
1701 1378 1851 1411 κατο-

268 1438 548 1505 ψομένους·
579 1436 717 1505 δῶρα
733 1436 788 1489 δὲ
807 1436 878 1507 τῷ
897 1437 1041 1507 λόγῳ
1061 1435 1313 1506 φέροντας
1330 1437 1404 1507 τῷ
1422 1435 1646 1499 βασιλέϊ
1663 1436 1850 1489 αὐτῶν.

175 1522 248 1575 18
272 1508 344 1567 ‘H
392 1514 450 1567 δὲ
494 1515 714 1582 τράπεζα
764 1520 857 1571 τοῦ
903 1516 1051 1581 ἡλίου
1102 1516 1273 1578 τοιήδε
1322 1534 1399 1567 τις
1445 1514 1657 1581 λέγεται
1706 1516 1849 1573 εἶναι·

267 1589 459 1655 λειμών
504 1588 618 1641 ἐστι
665 1588 719 1642 ἐν
759 1593 832 1663 τῷ
857 1589 1149 1662 προαστείῳ
1192 1590 1436 1647 ἐπίπλεος
1477 1597 1637 1660 κρεῶν
1679 1592 1855 1661 ἑφθῶν

267 1667 472 1719 πάντων
501 1671 602 1719 τῶν
635 1668 975 1738 τετραπόδων·
1020 1667 1073 1721 ἐς
1098 1669 1186 1721 τὸν
1221 1669 1309 1723 τὰς
1344 1670 1437 1738 μὲν
1468 1666 1649 1723 νύκτας
1678 1669 1853 1737 ἐπιτη-

271 1741 508 1798 δεύοντας
531 1742 720 1797 τιθέναι
745 1746 810 1797 τὰ
833 1744 961 1815 ’κρέα
996 1744 1115 1801 τοὺς
1141 1746 1195 1799 ἐν
1232 1746 1291 1799 τέ
1296 1750 1381 1800 λεί·
1405 1748 1654 1801 ἑκάστους
1682 1748 1856 1803 ἐόντας

271 1826 372 1874 τῶν
397 1820 586 1882 ἀστῶν,
609 1822 700 1875 τὰς
716 1820 817 1875 δὲ’
791 1823 977 1892 ημέρας
998 1823 1267 1877 δαίνυσθαι
1310 1828 1595 1895 προσιόντα
1613 1827 1707 1879 τὸν
1724 1829 1853 1891 βου-

269 1900 504 1965 λόμενον·
547 1899 706 1966 φάναι
733 1900 788 1953 δε
814 1900 934 1955 τοὺς
960 1901 1265 1972 ἐπιχωρίους
1290 1906 1447 1972 ταῦτα
1446 1902 1557 1997 *τὴν
1574 1905 1675 1975 γῆν
1702 1904 1859 1973 αὐτὴν

228 1990 252 2029 2
272 1974 605 2027 ἀναδιδόναιε
578 1978 840 2031 εκάστοτε.
887 1976 917 2045 ἡ
937 1978 1031 2045 μὲν
1050 1979 1111 2047 δὴ
1138 1980 1361 2049 τράπεζα
1377 1984 1471 2033 τοῦ
1497 1980 1647 2048 ἡλίου
1668 1984 1855 2035 καλεο-

180 2056 252 2111 19
271 2053 412 2122 μένη,
439 2050 644 2123 λέγεται
678 2049 804 2108 εἶναι
839 2054 1028 2123 τοιήδε.
1236 2056 1493 2126 Καμβύσῃ
1522 2059 1577 2112 δὲ
1614 2060 1685 2114 ὡς
1711 2060 1857 2127 εδοξε

273 2130 488 2200 πέμπειν
513 2131 631 2186 τοὺς
658 2136 1028 2196 κατασκόπους,
1052 2134 1228 2189 αὒτίκα
1253 2136 1599 2205 μετεπέμπετο
1628 2137 1689 2203 ἐξ
1705 2137 1853 2192 Ἐλε-

274 2210 518 2278 φαντίνης
555 2213 738 2267 πόλιος
763 2216 864 2265 τῶν
887 2211 1247 2283 Ἰχθυοφάγων
1272 2214 1468 2285 ἀνδρῶν
1492 2212 1611 2269 τοὺς
1639 2215 1852 2270 ἐπιστα-

271 2288 452 2353 μένους
471 2286 562 2355 τὴν
577 2287 846 2342 Αἶθιοπίδα
860 2293 1134 2360 γλῶσσαν·
1180 2292 1235 2344 ἐν
1249 2314 1291 2365 ω
1268 2286 1363 2345 ’δὲ
1382 2289 1591 2347 τούτους
1606 2297 1853 2361 μετῇσαν,

275 2362 328 2413 ἐν
353 2362 516 2415 τούτω
544 2364 799 2418 ἐκέλευε’
771 2367 855 2420 επὶ
881 2367 973 2434 τὴν
994 2369 1296 2439 Καρχηδόνα
1320 2352 1496 2423 πλεειν
1514 2371 1603 2423 τὸν
1624 2374 1854 2425 ναυτικὸν

233 2444 258 2482 ²
277 2441 515 2502 στρατόν.
547 2443 771 2498 Φοίνικες
790 2444 846 2496 δε
867 2444 958 2496 οὐκ
978 2444 1185 2513 εφασαν
1202 2445 1440 2515 ποιήσειν
1454 2450 1628 2501 ταῦτα·
1660 2450 1848 2519 ὁρκίοι-

276 2508 336 2558 σί
360 2530 413 2560 τε
432 2515 532 2583 γὰρ
556 2520 834 2586 μεγάλοισι
860 2520 1172 2587 ἐνδεδέσθαι,
1188 2525 1271 2579 καὶ
1298 2525 1389 2579 οὐκ
1414 2524 1476 2580 ἂν
1492 2524 1684 2581 ποιέειν
1710 2526 1848 2590 ὅσια,
