1975 2892
372 158 1069 207 ΜΕΛΠοΜΕΝΗΗ-ῑν
1108 159 1340 220 136-140.
1534 157 1650 213 369
1688 141 1690 143 ’

74 219 140 258 01.
161 220 217 260 66.
237 219 370 260 2—68.
392 222 450 270 2.]

76 273 238 340 λόγου
274 274 402 341 πρὸς
451 273 722 335 βασιλέος·
788 274 1215 341 Ἑλλησποντίων
1264 279 1357 345 μεν
1394 275 1649 348 τύραννοι·

77 350 276 417 Δάφνις
310 371 367 402 τε
398 348 698 416 Ἀβυδηνὸς,
737 353 818 404 καὶ
850 350 1134 408 Ἵπποκλος
1175 356 1535 425 Λαμψακηνὸς,
1574 357 1656 410 καὶ

73 425 399 496 Ἡρόφαντος
437 429 707 498 Παριηνὸς,
747 430 828 483 καὶ
871 431 1214 501 Μητρόδωρος
1256 433 1652 503 Προκοννήσιος,

74 505 159 556 καὶ
196 503 567 576 Ἀρισταγόρης
607 508 896 573 Κυζικηνὸς,
938 511 1022 562 καὶ
1060 508 1314 579 Ἀρίστων
1364 513 1651 576 Βυζάντιος·

73 581 215 634 οὗτοι
251 584 344 651 μὲν
383 581 517 650 ἦσαν
556 585 606 636 οἱ
647 585 704 650 ἐξ
741 583 1152 651 Ἑλλησπόντου.
1222 588 1307 643 ἀπ’
1347 587 1537 656 Ἰωνίης
1578 593 1651 656 δὲ,
1678 607 1703 647 2

72 662 312 731 Στράττις
362 683 419 714 τε
472 665 612 722 Χῖος,
656 664 736 716 καὶ
783 662 968 730 Αἰάκης
1021 667 1223 733 Σάμιος,
1268 668 1347 720 καὶ
1388 669 1655 735 Λαοδάμας

70 739 337 799 Φωκαιεὺς,
368 741 450 792 καὶ
475 738 714 795 Ἱστιαῖος
750 740 1028 809 Μιλήσιος,
1059 747 1151 797 τοῦ
1176 741 1238 802 ἦν
1262 747 1435 815 γνώμη
1462 744 1491 812 ἡ
1518 767 1651 815 προ·-

68 817 263 884 κειμένη
285 817 478 885 ἐναντίη
497 823 559 885 τῇ
579 819 886 872 Μιλτιάδεω.
929 820 1159 874 Αἷολέων
1180 823 1235 875 δὲ
1250 825 1416 894 παρῆν
1435 826 1651 895 λόγιμος

65 898 253 962 μοῦνος
276 894 650 963 Ἀρισταγόρης
678 900 917 964 Κυμαῖος.

162 967 312 1021 Οὗτοι
356 968 426 1022 ὧν
467 969 579 1022 ἐπεί
619 990 677 1022 τε
719 968 810 1036 τὴν
849 971 1100 1024 Ἱστιαίου
1146 970 1374 1043 αἱρέοντο
1426 970 1648 1042 γνωμην,
1677 967 1787 1022 139

28 1045 30 1062 ⁵
65 1049 216 1114 ἔδοξέ
241 1048 346 1117 σφι
365 1049 494 1118 πρὸς
519 1045 675 1114 ταύτῃ
702 1047 872 1100 τάδε’
842 1069 967 1118 εργα
994 1069 1051 1100 τε
1078 1049 1158 1100 καὶ
1178 1049 1301 1100 ἔπεα
1325 1049 1647 1116 προσθεῖναι·

64 1129 156 1193 τῆς
181 1127 273 1194 μὲν
297 1123 528 1197 γεφύρης
551 1123 696 1178 λύειν
713 1125 777 1178 τὰ
804 1125 929 1178 κατὰ
955 1124 1073 1180 τοὺς
1099 1123 1291 1180 Σκύθας
1318 1126 1481 1187 ἐόντα,
1504 1124 1651 1180 λύειν

65 1205 122 1257 δὲ
152 1205 280 1257 ὅσον
305 1203 526 1271 τόξευμα
551 1202 841 1270 ἐξικνέεται·
883 1200 963 1256 ἵνα
1000 1204 1082 1256 καὶ
1115 1203 1305 1258 ποιέειν
1329 1225 1379 1256 τι
1407 1203 1645 1265 δοκέωσι,

61 1286 323 1337 ποιεῦντες
356 1283 530 1350 μηδὲν,
570 1282 651 1334 καὶ
686 1282 736 1333 οἱ
779 1279 964 1334 Σκύθαι
1006 1281 1074 1350 μὴ
1113 1280 1366 1354 πειρῴατο
1407 1284 1651 1348 βιώμενοι

61 1362 146 1414 καὶ
169 1362 478 1428 βουλόμενοι
515 1360 748 1426 διαβῆναι
774 1360 864 1411 τὸν
887 1357 1103 1430 Ἴστρον
1129 1360 1253 1412 κατὰ
1280 1359 1371 1427 τὴν
1395 1359 1645 1429 γέφυραν·

61 1438 222 1492 εἰπεῖν
246 1460 320 1498 τε,
342 1435 560 1492 λύοντας
584 1439 673 1504 τῆς
698 1434 928 1506 γεφύρης
953 1438 1015 1490 τὸ
1042 1438 1093 1492 ἐς
1119 1437 1209 1505 τὴν
1236 1436 1479 1504 Σκυθικὴν
1505 1437 1645 1504 ἕχον,

60 1518 130 1572 ὣς
165 1518 330 1570 πάντα
363 1513 646 1582 ποιήσουσι
682 1515 745 1566 τὰ
780 1512 1010 1582 Σκύθῃσί
1044 1516 1159 1568 ἐστι
1194 1515 1249 1568 ἐν
1274 1514 1447 1582 ἡδονῇ.
1492 1517 1649 1567 ταῦτα

57 1597 154 1664 μὲν
174 1594 500 1664 προσέθηκαν
525 1594 588 1660 τῇ
611 1594 803 1663 γνώμῃ.
876 1593 1021 1645 Μετὰ
1050 1593 1123 1653 δὲ,
1146 1594 1201 1646 ἐκ
1220 1593 1422 1646 πάντων
1440 1592 1643 1662 ὑπεκρί-
1658 1605 1683 1645 2

57 1695 182 1727 νατο
216 1673 475 1731 Ἱστιαῖος,
512 1671 632 1724 τάδε
666 1670 852 1742 λέγων·
900 1669 1165 1742 “”Ανδρες
1201 1669 1401 1735 Σκύθαι,
1441 1671 1647 1740 χρηστὰ

56 1751 205 1819 ἥκετε
242 1751 507 1821 φέροντες,
537 1749 618 1801 καὶ
655 1749 707 1804 ε’ς
741 1750 913 1820 καιρὸν
940 1749 1227 1820 ἐπείγεσθε·
1274 1748 1355 1801 καὶ
1390 1751 1455 1802 τά
1479 1769 1535 1800 τε
1562 1747 1646 1800 ἀπ’

56 1830 226 1896 ὑμέων
251 1828 370 1896 ἡμῖν
393 1832 634 1897 χρηστῷς
659 1827 882 1888 ὁδοῦται,
913 1828 995 1880 καὶ
1021 1829 1084 1880 τὰ
1111 1826 1195 1881 ἀπ’
1224 1825 1391 1895 ἡμέων
1417 1827 1469 1882 ἐς
1494 1825 1647 1894 ὑμέας

56 1908 333 1974 ἐπιτηδέως
367 1904 709 1976 ὑπηρετέεται.
768 1905 836 1960 ὧς
868 1906 968 1975 γὰρ
1005 1908 1173 1976 ὁρᾶτε,
1214 1907 1295 1958 καὶ
1333 1903 1525 1973 λύομεν
1560 1905 1649 1956 τὸν
1674 1917 1699 1957 8

53 1988 239 2055 πόρον,
287 1986 368 2037 καὶ
414 1982 699 2053 προθυμίην
749 1986 924 2038 πᾶσαν
977 1983 1176 2051 εξομεν,
1222 1983 1467 2038 θέλοντες
1520 1977 1645 2035 εἶναι

55 2061 343 2132 ἐλεύθεροι.
426 2062 518 2114 Ἐν
543 2056 586 2132 ᾦ
621 2060 742 2129 δὲἧ
713 2061 859 2129 ημέες
893 2063 1015 2114 τάδε
1048 2059 1257 2127 λύομεν,
1287 2061 1440 2130 ὑμέας
1476 2062 1648 2127 καιρός
1673 2069 1699 2108 4

46 2136 166 2188 ἐστι
216 2136 453 2203 δίζησθαι
500 2136 731 2190 ἐκείνους·
801 2136 1035 2205 εὑρόντας
1083 2137 1158 2193 δε.
1206 2134 1335 2205 ὑπέρ
1376 2156 1433 2187 τε
1479 2132 1656 2202 ἡμέων

46 2215 132 2267 καὶ
176 2213 343 2283 ὑμέων
384 2216 548 2268 αὐτῶν
586 2214 831 2267 τίσασθαι
871 2235 1029 2270 ουτως
1070 2215 1138 2270 ὧς
1180 2215 1371 2268 κείνους
1404 2210 1622 2282 πρέπει]

53 2295 248 2349 Σκύθαι
299 2315 394 2362 μεν
445 2294 504 2344 τὸ
559 2289 794 2361 δεύτερον
838 2288 994 2342 Ἴωσι
1052 2287 1425 2344 πιστεύσαντες
1474 2289 1649 2359 λέγειν
1676 2285 1789 2340 140

53 2372 273 2472 ἀληθέα,
316 2370 649 2439 ὑπέστρεφον
703 2368 787 2421 ἐπὶ
833 2365 1043 2435 ζήτησιν
1094 2373 1195 2422 τῶν
1248 2366 1510 2437 Περσέων,
1568 2365 1649 2418 καὶ

53 2452 348 2522 ἡμάρτανον
373 2451 545 2515 πάσης
571 2449 661 2514 τῆς
681 2446 880 2498 ἐκείνων
908 2445 1158 2544 διεξόδου.
1202 2466 1353 2498 αιτιοι
1381 2444 1437 2497 δε
1464 2441 1648 2496 τούτου
1670 2452 1696 2494 2

53 2531 204 2584 αὐτοι
225 2529 276 2580 οἱ
303 2525 538 2580 Σκύθαι’
511 2525 761 2595 εγένοντο,
784 2525 875 2578 τὰς
895 2525 1050 2592 νομὰς
1075 2529 1177 2577 τῶν
1197 2544 1363 2578 ιππων
1383 2523 1473 2577 τὰς
1492 2520 1648 2589 ταύτῃ

53 2606 469 2677 διαφθείραντες,
491 2625 575 2658 και
599 2603 664 2656 τὰ
689 2599 848 2656 υδατα
874 2603 1260 2730 ἱυγχώσαντες.
1304 2599 1350 2654 εί
1368 2601 1469 2672 γὰρ
1491 2603 1648 2653 ταῦτα
1671 2607 1697 2648 ⁸

124 2713 227 2744 τοι.
248 2713 278 2746 ι.
813 2693 852 2732 Β
