<?xml version="1.0" encoding="UTF-8"?>
<!DOCTYPE html PUBLIC "-//W3C//DTD XHTML 1.0 Transitional//EN"
    "http://www.w3.org/TR/xhtml1/DTD/xhtml1-transitional.dtd">
<html xmlns="http://www.w3.org/1999/xhtml" xml:lang="en" lang="en">
 <head>
  <title>
</title>
<meta http-equiv="Content-Type" content="text/html;charset=utf-8" />
  <meta name='ocr-system' content='tesseract 3.04.00' />
  <meta name='ocr-capabilities' content='ocr_page ocr_carea ocr_par ocr_line ocrx_word'/>
</head>
<body>
  <div class='ocr_page' id='page_1' title='image "./herodotihistori00westgoog_0083.png"; bbox 0 0 1975 2892; ppageno 0'>
   <div class='ocr_carea' id='block_1_1' title="bbox 125 99 1781 212">
    <p class='ocr_par' dir='ltr' id='par_1_1' title="bbox 125 99 1781 212">
     <span class='ocr_line' id='line_1_1' title="bbox 637 99 1781 167; baseline 0.01 -20"><span class='ocrx_word' id='word_1_1' title='bbox 637 104 1016 151; x_wconf 52' lang='lat' dir='ltr'>[hunsse-1.</span> <span class='ocrx_word' id='word_1_2' title='bbox 1051 117 1219 167; x_wconf 81' lang='lat'>74-77.</span> <span class='ocrx_word' id='word_1_3' title='bbox 1456 153 1467 163; x_wconf 81' lang='grc'>,</span> <span class='ocrx_word' id='word_1_4' title='bbox 1637 103 1708 158; x_wconf 86' lang='grc'>41.</span> <span class='ocrx_word' id='word_1_5' title='bbox 1773 99 1781 106; x_wconf 73' lang='grc'><strong>”</strong></span> 
     </span>
     <span class='ocr_line' id='line_1_2' title="bbox 125 163 520 212; baseline -0.003 -9"><span class='ocrx_word' id='word_1_6' title='bbox 125 165 192 203; x_wconf 85' lang='lat'>01.</span> <span class='ocrx_word' id='word_1_7' title='bbox 215 165 280 203; x_wconf 68' lang='grc' dir='ltr'>σε.</span> <span class='ocrx_word' id='word_1_8' title='bbox 302 163 439 202; x_wconf 85' lang='lat'>1—58.</span> <span class='ocrx_word' id='word_1_9' title='bbox 461 164 520 212; x_wconf 77' lang='grc'>3,]</span> 
     </span>
    </p>
   </div>
   <div class='ocr_carea' id='block_1_2' title="bbox 93 221 1795 2640">
    <p class='ocr_par' dir='ltr' id='par_1_2' title="bbox 93 221 1795 2310">
     <span class='ocr_line' id='line_1_3' title="bbox 113 221 1711 293; baseline 0.002 -20"><span class='ocrx_word' id='word_1_10' title='bbox 113 223 408 288; x_wconf 79' lang='grc' dir='ltr'>μηνοειδέα,</span> <span class='ocrx_word' id='word_1_11' title='bbox 438 222 566 276; x_wconf 86' lang='grc' dir='ltr'>ὅκως</span> <span class='ocrx_word' id='word_1_12' title='bbox 592 221 654 274; x_wconf 80' lang='grc' dir='ltr'>ἂν</span> <span class='ocrx_word' id='word_1_13' title='bbox 679 224 738 275; x_wconf 83' lang='grc' dir='ltr'>τὸ</span> <span class='ocrx_word' id='word_1_14' title='bbox 776 223 1125 293; x_wconf 83' lang='grc' dir='ltr'>στρατόπεδον</span> <span class='ocrx_word' id='word_1_15' title='bbox 1154 223 1419 293; x_wconf 75' lang='grc' dir='ltr'>ἱδρυμένον</span> <span class='ocrx_word' id='word_1_16' title='bbox 1446 225 1571 276; x_wconf 78' lang='grc' dir='ltr'>κατὰ</span> <span class='ocrx_word' id='word_1_17' title='bbox 1612 226 1711 278; x_wconf 85' lang='grc' dir='ltr'>νὼ-</span> 
     </span>
     <span class='ocr_line' id='line_1_4' title="bbox 116 298 1711 371; baseline 0.004 -22"><span class='ocrx_word' id='word_1_18' title='bbox 116 319 216 352; x_wconf 78' lang='grc' dir='ltr'>του</span> <span class='ocrx_word' id='word_1_19' title='bbox 261 302 441 360; x_wconf 80' lang='grc' dir='ltr'>λάβοι,</span> <span class='ocrx_word' id='word_1_20' title='bbox 484 298 638 366; x_wconf 88' lang='grc' dir='ltr'>ταύτῃ</span> <span class='ocrx_word' id='word_1_21' title='bbox 684 302 808 353; x_wconf 87' lang='grc' dir='ltr'>κατὰ</span> <span class='ocrx_word' id='word_1_22' title='bbox 848 301 938 368; x_wconf 90' lang='grc' dir='ltr'>τὴν</span> <span class='ocrx_word' id='word_1_23' title='bbox 975 303 1201 371; x_wconf 80' lang='grc' dir='ltr'>διώρυχα</span> <span class='ocrx_word' id='word_1_24' title='bbox 1244 300 1614 371; x_wconf 78' lang='grc' dir='ltr'>ἐκτραπόμενος</span> <span class='ocrx_word' id='word_1_25' title='bbox 1654 301 1711 355; x_wconf 77' lang='grc' dir='ltr'>ἔκ</span> 
     </span>
     <span class='ocr_line' id='line_1_5' title="bbox 113 376 1711 448; baseline 0.004 -20"><span class='ocrx_word' id='word_1_26' title='bbox 113 382 222 429; x_wconf 81' lang='grc' dir='ltr'>τῶν</span> <span class='ocrx_word' id='word_1_27' title='bbox 275 378 503 447; x_wconf 87' lang='grc' dir='ltr'>ἀρχαίων</span> <span class='ocrx_word' id='word_1_28' title='bbox 553 376 792 447; x_wconf 79' lang='grc' dir='ltr'>ῥεέθρων,</span> <span class='ocrx_word' id='word_1_29' title='bbox 838 381 920 432; x_wconf 83' lang='grc' dir='ltr'>καὶ</span> <span class='ocrx_word' id='word_1_30' title='bbox 973 378 1113 433; x_wconf 79' lang='grc' dir='ltr'>αὖτις</span> <span class='ocrx_word' id='word_1_31' title='bbox 1159 382 1595 448; x_wconf 83' lang='grc' dir='ltr'>παραμειβόμενος</span> <span class='ocrx_word' id='word_1_32' title='bbox 1651 384 1711 435; x_wconf 81' lang='grc' dir='ltr'>τὸ</span> 
     </span>
     <span class='ocr_line' id='line_1_6' title="bbox 115 456 1749 527; baseline 0.004 -21"><span class='ocrx_word' id='word_1_33' title='bbox 115 456 492 524; x_wconf 86' lang='grc' dir='ltr'>στρατόπεδον,</span> <span class='ocrx_word' id='word_1_34' title='bbox 542 456 594 510; x_wconf 79' lang='grc' dir='ltr'>ἒς</span> <span class='ocrx_word' id='word_1_35' title='bbox 637 457 698 508; x_wconf 79' lang='grc' dir='ltr'>τὰ</span> <span class='ocrx_word' id='word_1_36' title='bbox 741 457 926 527; x_wconf 83' lang='grc' dir='ltr'>ἀρχαῖα</span> <span class='ocrx_word' id='word_1_37' title='bbox 966 456 1249 522; x_wconf 79' lang='grc' dir='ltr'>ἐσβάλλοι.</span> <span class='ocrx_word' id='word_1_38' title='bbox 1308 459 1461 522; x_wconf 81' lang='grc' dir='ltr'>ὥστε,</span> <span class='ocrx_word' id='word_1_39' title='bbox 1501 457 1614 511; x_wconf 82' lang='grc' dir='ltr'>ε’πεί</span> <span class='ocrx_word' id='word_1_40' title='bbox 1652 473 1749 512; x_wconf 75' lang='grc' dir='ltr'>τεσ</span> 
     </span>
     <span class='ocr_line' id='line_1_7' title="bbox 112 529 1708 604; baseline 0.004 -20"><span class='ocrx_word' id='word_1_41' title='bbox 112 534 198 586; x_wconf 74' lang='grc' dir='ltr'>καὶ</span> <span class='ocrx_word' id='word_1_42' title='bbox 247 533 476 601; x_wconf 77' lang='grc' dir='ltr'>ἐσχίσθη</span> <span class='ocrx_word' id='word_1_43' title='bbox 521 537 746 602; x_wconf 87' lang='grc' dir='ltr'>τάχιστα</span> <span class='ocrx_word' id='word_1_44' title='bbox 789 529 818 584; x_wconf 81' lang='grc' dir='ltr'><strong><em>ὁ</em></strong></span> <span class='ocrx_word' id='word_1_45' title='bbox 860 537 1107 602; x_wconf 86' lang='grc' dir='ltr'>ποταμὸς,</span> <span class='ocrx_word' id='word_1_46' title='bbox 1147 535 1415 604; x_wconf 78' lang='grc' dir='ltr'>ἀμφοτέρῃ</span> <span class='ocrx_word' id='word_1_47' title='bbox 1462 537 1708 600; x_wconf 84' lang='grc' dir='ltr'>διαβατὸς</span> 
     </span>
     <span class='ocr_line' id='line_1_8' title="bbox 111 610 1710 682; baseline 0.003 -20"><span class='ocrx_word' id='word_1_48' title='bbox 111 610 342 681; x_wconf 80' lang='grc' dir='ltr'>ἐγένετο.</span> <span class='ocrx_word' id='word_1_49' title='bbox 387 613 437 664; x_wconf 78' lang='grc' dir='ltr'>οἱ</span> <span class='ocrx_word' id='word_1_50' title='bbox 477 613 532 664; x_wconf 77' lang='grc' dir='ltr'>δὲ</span> <span class='ocrx_word' id='word_1_51' title='bbox 561 614 640 665; x_wconf 80' lang='grc' dir='ltr'>καὶ</span> <span class='ocrx_word' id='word_1_52' title='bbox 677 614 737 664; x_wconf 87' lang='grc' dir='ltr'>τὸ</span> <span class='ocrx_word' id='word_1_53' title='bbox 777 615 1016 682; x_wconf 86' lang='grc' dir='ltr'>παράπαν</span> <span class='ocrx_word' id='word_1_54' title='bbox 1040 613 1259 680; x_wconf 80' lang='grc' dir='ltr'>λέγουσι</span> <span class='ocrx_word' id='word_1_55' title='bbox 1301 615 1381 665; x_wconf 85' lang='grc' dir='ltr'>καὶ</span> <span class='ocrx_word' id='word_1_56' title='bbox 1408 615 1468 666; x_wconf 88' lang='grc' dir='ltr'>τὸ</span> <span class='ocrx_word' id='word_1_57' title='bbox 1494 614 1710 682; x_wconf 84' lang='grc' dir='ltr'>ἀρχαῖον</span> 
     </span>
     <span class='ocr_line' id='line_1_9' title="bbox 106 688 1702 761; baseline 0.001 -20"><span class='ocrx_word' id='word_1_58' title='bbox 106 688 328 759; x_wconf 76' lang='grc' dir='ltr'>ῥέεθρον</span> <span class='ocrx_word' id='word_1_59' title='bbox 363 689 789 758; x_wconf 80' lang='grc' dir='ltr'>ἀποξηρανθῆναι.</span> <span class='ocrx_word' id='word_1_60' title='bbox 833 691 974 742; x_wconf 81' lang='grc' dir='ltr'>ἀλλὰ</span> <span class='ocrx_word' id='word_1_61' title='bbox 1010 695 1163 743; x_wconf 86' lang='grc' dir='ltr'>τοῦτο</span> <span class='ocrx_word' id='word_1_62' title='bbox 1187 692 1282 759; x_wconf 73' lang='grc' dir='ltr'>μὲν</span> <span class='ocrx_word' id='word_1_63' title='bbox 1308 691 1368 743; x_wconf 83' lang='grc' dir='ltr'>οὗ</span> <span class='ocrx_word' id='word_1_64' title='bbox 1403 690 1702 761; x_wconf 86' lang='grc' dir='ltr'>προσίεμαι·</span> 
     </span>
     <span class='ocr_line' id='line_1_10' title="bbox 111 767 1795 839; baseline 0.004 -21"><span class='ocrx_word' id='word_1_65' title='bbox 111 773 216 821; x_wconf 80' lang='grc' dir='ltr'>κῶς</span> <span class='ocrx_word' id='word_1_66' title='bbox 241 769 344 837; x_wconf 86' lang='grc' dir='ltr'>γὰρ</span> <span class='ocrx_word' id='word_1_67' title='bbox 370 768 542 820; x_wconf 78' lang='grc' dir='ltr'>ὀπίσω</span> <span class='ocrx_word' id='word_1_68' title='bbox 569 771 898 837; x_wconf 85' lang='grc' dir='ltr'>πορευόμενοι</span> <span class='ocrx_word' id='word_1_69' title='bbox 925 769 1174 836; x_wconf 83' lang='grc' dir='ltr'>διέβησαν</span> <span class='ocrx_word' id='word_1_70' title='bbox 1199 770 1353 821; x_wconf 81' lang='grc' dir='ltr'>αὐτόν</span> <span class='ocrx_word' id='word_1_71' title='bbox 1374 788 1388 830; x_wconf 88' lang='grc'><strong>;</strong></span> <span class='ocrx_word' id='word_1_72' title='bbox 1548 772 1703 839; x_wconf 82' lang='grc' dir='ltr'>Κροῖ·</span> <span class='ocrx_word' id='word_1_73' title='bbox 1719 767 1795 829; x_wconf 83' lang='grc'>76</span> 
     </span>
     <span class='ocr_line' id='line_1_11' title="bbox 111 845 1707 919; baseline 0.003 -21"><span class='ocrx_word' id='word_1_74' title='bbox 111 867 214 900; x_wconf 89' lang='grc' dir='ltr'>σος</span> <span class='ocrx_word' id='word_1_75' title='bbox 263 846 338 905; x_wconf 80' lang='grc' dir='ltr'>δέ,</span> <span class='ocrx_word' id='word_1_76' title='bbox 382 845 492 899; x_wconf 85' lang='grc' dir='ltr'>ἐπεί</span> <span class='ocrx_word' id='word_1_77' title='bbox 537 867 594 898; x_wconf 88' lang='grc' dir='ltr'>τε</span> <span class='ocrx_word' id='word_1_78' title='bbox 635 848 816 909; x_wconf 84' lang='grc' dir='ltr'>διαβὰς</span> <span class='ocrx_word' id='word_1_79' title='bbox 863 847 961 899; x_wconf 83' lang='grc' dir='ltr'>σὺν</span> <span class='ocrx_word' id='word_1_80' title='bbox 1001 849 1072 918; x_wconf 76' lang='grc' dir='ltr'>τῷ</span> <span class='ocrx_word' id='word_1_81' title='bbox 1114 851 1316 919; x_wconf 79' lang='grc' dir='ltr'>στρατῷ</span> <span class='ocrx_word' id='word_1_82' title='bbox 1361 848 1568 900; x_wconf 79' lang='grc' dir='ltr'>ἀπίκετο</span> <span class='ocrx_word' id='word_1_83' title='bbox 1616 850 1707 916; x_wconf 83' lang='grc' dir='ltr'>τῆς</span> 
     </span>
     <span class='ocr_line' id='line_1_12' title="bbox 111 924 1704 996; baseline 0.001 -20"><span class='ocrx_word' id='word_1_84' title='bbox 111 924 480 990; x_wconf 86' lang='grc' dir='ltr'>Καππαδοκίης</span> <span class='ocrx_word' id='word_1_85' title='bbox 515 925 568 978; x_wconf 84' lang='grc' dir='ltr'>ἐς</span> <span class='ocrx_word' id='word_1_86' title='bbox 594 925 685 992; x_wconf 89' lang='grc' dir='ltr'>τὴν</span> <span class='ocrx_word' id='word_1_87' title='bbox 717 926 938 995; x_wconf 85' lang='grc' dir='ltr'>Πτερίην</span> <span class='ocrx_word' id='word_1_88' title='bbox 976 926 1299 992; x_wconf 82' lang='grc' dir='ltr'>καλεομένην·</span> <span class='ocrx_word' id='word_1_89' title='bbox 1344 925 1375 992; x_wconf 87' lang='grc' dir='ltr'>ἧ</span> <span class='ocrx_word' id='word_1_90' title='bbox 1420 927 1476 979; x_wconf 76' lang='grc' dir='ltr'>δὲ</span> <span class='ocrx_word' id='word_1_91' title='bbox 1512 927 1704 996; x_wconf 83' lang='grc' dir='ltr'>Πτερίη</span> 
     </span>
     <span class='ocr_line' id='line_1_13' title="bbox 105 1001 1706 1072; baseline 0.001 -18"><span class='ocrx_word' id='word_1_92' title='bbox 105 1001 234 1054; x_wconf 79' lang='grc' dir='ltr'>ἐστὶ</span> <span class='ocrx_word' id='word_1_93' title='bbox 269 1004 361 1068; x_wconf 85' lang='grc' dir='ltr'>τῆς</span> <span class='ocrx_word' id='word_1_94' title='bbox 400 1004 570 1071; x_wconf 84' lang='grc' dir='ltr'>χώρης</span> <span class='ocrx_word' id='word_1_95' title='bbox 606 1001 790 1069; x_wconf 90' lang='grc' dir='ltr'>ταύτης</span> <span class='ocrx_word' id='word_1_96' title='bbox 824 1006 883 1056; x_wconf 88' lang='grc' dir='ltr'>τὸ</span> <span class='ocrx_word' id='word_1_97' title='bbox 925 1002 1285 1072; x_wconf 72' lang='grc' dir='ltr'>ἰσχυρότατον,</span> <span class='ocrx_word' id='word_1_98' title='bbox 1316 1004 1442 1056; x_wconf 78' lang='grc' dir='ltr'>κατὰ</span> <span class='ocrx_word' id='word_1_99' title='bbox 1479 1006 1706 1071; x_wconf 84' lang='grc' dir='ltr'>Σινώπην</span> 
     </span>
     <span class='ocr_line' id='line_1_14' title="bbox 107 1081 1703 1153; baseline 0.001 -20"><span class='ocrx_word' id='word_1_100' title='bbox 107 1083 270 1133; x_wconf 85' lang='grc' dir='ltr'>πόλιν</span> <span class='ocrx_word' id='word_1_101' title='bbox 296 1081 388 1147; x_wconf 87' lang='grc' dir='ltr'>τὴν</span> <span class='ocrx_word' id='word_1_102' title='bbox 426 1081 482 1132; x_wconf 81' lang='grc' dir='ltr'>ἐν</span> <span class='ocrx_word' id='word_1_103' title='bbox 517 1082 740 1152; x_wconf 80' lang='grc' dir='ltr'>Εὐξείνῳ</span> <span class='ocrx_word' id='word_1_104' title='bbox 775 1084 944 1153; x_wconf 80' lang='grc' dir='ltr'>πόντῳ</span> <span class='ocrx_word' id='word_1_105' title='bbox 981 1082 1213 1148; x_wconf 85' lang='grc' dir='ltr'>μάλιστά</span> <span class='ocrx_word' id='word_1_106' title='bbox 1252 1103 1311 1148; x_wconf 85' lang='grc' dir='ltr'>κη</span> <span class='ocrx_word' id='word_1_107' title='bbox 1354 1083 1570 1149; x_wconf 83' lang='grc' dir='ltr'>κειμένη·</span> <span class='ocrx_word' id='word_1_108' title='bbox 1621 1083 1703 1135; x_wconf 86' lang='grc' dir='ltr'>ε’ν-</span> 
     </span>
     <span class='ocr_line' id='line_1_15' title="bbox 105 1158 1701 1229; baseline 0.001 -18"><span class='ocrx_word' id='word_1_109' title='bbox 105 1158 276 1211; x_wconf 84' lang='grc' dir='ltr'>θαῦτα</span> <span class='ocrx_word' id='word_1_110' title='bbox 309 1158 790 1229; x_wconf 76' lang='grc' dir='ltr'>ἐστρατοπεδεύετο,</span> <span class='ocrx_word' id='word_1_111' title='bbox 822 1159 1053 1229; x_wconf 86' lang='grc' dir='ltr'>φθείρων</span> <span class='ocrx_word' id='word_1_112' title='bbox 1078 1165 1179 1212; x_wconf 79' lang='grc' dir='ltr'>τῶν</span> <span class='ocrx_word' id='word_1_113' title='bbox 1203 1159 1397 1228; x_wconf 85' lang='grc' dir='ltr'>Συρίων</span> <span class='ocrx_word' id='word_1_114' title='bbox 1423 1160 1543 1214; x_wconf 81' lang='grc' dir='ltr'>τοὺς</span> <span class='ocrx_word' id='word_1_115' title='bbox 1578 1158 1701 1226; x_wconf 73' lang='grc' dir='ltr'>κλῆ-</span> 
     </span>
     <span class='ocr_line' id='line_1_16' title="bbox 99 1233 1743 1309; baseline 0.002 -20"><span class='ocrx_word' id='word_1_116' title='bbox 99 1258 251 1307; x_wconf 83' lang='grc' dir='ltr'>ρους.</span> <span class='ocrx_word' id='word_1_117' title='bbox 294 1238 377 1289; x_wconf 83' lang='grc' dir='ltr'>καὶ</span> <span class='ocrx_word' id='word_1_118' title='bbox 405 1233 519 1289; x_wconf 81' lang='grc' dir='ltr'>εἷλε</span> <span class='ocrx_word' id='word_1_119' title='bbox 570 1238 664 1305; x_wconf 79' lang='grc' dir='ltr'>μὲν</span> <span class='ocrx_word' id='word_1_120' title='bbox 690 1243 791 1289; x_wconf 82' lang='grc' dir='ltr'>τῶν</span> <span class='ocrx_word' id='word_1_121' title='bbox 817 1238 1051 1307; x_wconf 87' lang='grc' dir='ltr'>Πτερίων</span> <span class='ocrx_word' id='word_1_122' title='bbox 1077 1238 1169 1305; x_wconf 83' lang='grc' dir='ltr'>τὴν</span> <span class='ocrx_word' id='word_1_123' title='bbox 1198 1240 1373 1297; x_wconf 86' lang='grc' dir='ltr'>πόλιν,</span> <span class='ocrx_word' id='word_1_124' title='bbox 1404 1239 1487 1290; x_wconf 79' lang='grc' dir='ltr'>καὶ</span> <span class='ocrx_word' id='word_1_125' title='bbox 1520 1235 1697 1309; x_wconf 81' lang='grc' dir='ltr'>ἧνδρα·</span> <span class='ocrx_word' id='word_1_126' title='bbox 1717 1252 1743 1292; x_wconf 76' lang='lat'>2</span> 
     </span>
     <span class='ocr_line' id='line_1_17' title="bbox 99 1312 1700 1386; baseline 0 -18"><span class='ocrx_word' id='word_1_127' title='bbox 99 1315 388 1369; x_wconf 84' lang='grc' dir='ltr'>ποδίσατο·</span> <span class='ocrx_word' id='word_1_128' title='bbox 433 1312 545 1368; x_wconf 83' lang='grc' dir='ltr'>εἷλε</span> <span class='ocrx_word' id='word_1_129' title='bbox 582 1316 637 1368; x_wconf 77' lang='grc' dir='ltr'>δὲ</span> <span class='ocrx_word' id='word_1_130' title='bbox 665 1316 755 1370; x_wconf 83' lang='grc' dir='ltr'>τὰς</span> <span class='ocrx_word' id='word_1_131' title='bbox 791 1315 1104 1386; x_wconf 86' lang='grc' dir='ltr'>περιοικίδας</span> <span class='ocrx_word' id='word_1_132' title='bbox 1139 1317 1293 1383; x_wconf 81' lang='grc' dir='ltr'>αὐτῆς</span> <span class='ocrx_word' id='word_1_133' title='bbox 1332 1317 1521 1370; x_wconf 81' lang='grc' dir='ltr'>πάσας.</span> <span class='ocrx_word' id='word_1_134' title='bbox 1606 1323 1700 1368; x_wconf 84' lang='grc' dir='ltr'>Συ-</span> 
     </span>
     <span class='ocr_line' id='line_1_18' title="bbox 100 1393 1739 1464; baseline 0.001 -20"><span class='ocrx_word' id='word_1_135' title='bbox 100 1393 252 1464; x_wconf 89' lang='grc' dir='ltr'>ρίους</span> <span class='ocrx_word' id='word_1_136' title='bbox 280 1416 353 1458; x_wconf 84' lang='grc' dir='ltr'>τε,</span> <span class='ocrx_word' id='word_1_137' title='bbox 385 1394 534 1446; x_wconf 74' lang='grc' dir='ltr'>οὐδὲν</span> <span class='ocrx_word' id='word_1_138' title='bbox 554 1395 726 1448; x_wconf 85' lang='grc' dir='ltr'>ἐόντας</span> <span class='ocrx_word' id='word_1_139' title='bbox 752 1393 960 1454; x_wconf 84' lang='grc' dir='ltr'>αἶτίους,</span> <span class='ocrx_word' id='word_1_140' title='bbox 983 1394 1301 1447; x_wconf 78' lang='grc' dir='ltr'>ἀναστάτους</span> <span class='ocrx_word' id='word_1_141' title='bbox 1323 1393 1553 1458; x_wconf 82' lang='grc' dir='ltr'>ἐποίησε.</span> <span class='ocrx_word' id='word_1_142' title='bbox 1598 1397 1697 1444; x_wconf 84' lang='grc' dir='ltr'>Κῦ-</span> <span class='ocrx_word' id='word_1_143' title='bbox 1714 1405 1739 1446; x_wconf 76' lang='grc'><strong>8</strong></span> 
     </span>
     <span class='ocr_line' id='line_1_19' title="bbox 101 1471 1701 1541; baseline -0.001 -16"><span class='ocrx_word' id='word_1_144' title='bbox 101 1493 199 1541; x_wconf 90' lang='grc' dir='ltr'>ρος</span> <span class='ocrx_word' id='word_1_145' title='bbox 247 1472 303 1524; x_wconf 79' lang='grc' dir='ltr'>δὲ</span> <span class='ocrx_word' id='word_1_146' title='bbox 351 1472 556 1541; x_wconf 86' lang='grc' dir='ltr'>ἀγείρας</span> <span class='ocrx_word' id='word_1_147' title='bbox 602 1473 691 1524; x_wconf 84' lang='grc' dir='ltr'>τὸν</span> <span class='ocrx_word' id='word_1_148' title='bbox 737 1473 927 1524; x_wconf 79' lang='grc' dir='ltr'>ἑωυτοῦ</span> <span class='ocrx_word' id='word_1_149' title='bbox 971 1473 1212 1540; x_wconf 89' lang='grc' dir='ltr'>στρατὸν,</span> <span class='ocrx_word' id='word_1_150' title='bbox 1259 1472 1342 1523; x_wconf 82' lang='grc' dir='ltr'>καὶ</span> <span class='ocrx_word' id='word_1_151' title='bbox 1386 1471 1701 1539; x_wconf 82' lang='grc' dir='ltr'>παραλαβὼν</span> 
     </span>
     <span class='ocr_line' id='line_1_20' title="bbox 103 1546 1701 1619; baseline 0.001 -19"><span class='ocrx_word' id='word_1_152' title='bbox 103 1549 230 1603; x_wconf 82' lang='grc' dir='ltr'>τοὺς</span> <span class='ocrx_word' id='word_1_153' title='bbox 263 1549 454 1616; x_wconf 80' lang='grc' dir='ltr'>μεταξὺ</span> <span class='ocrx_word' id='word_1_154' title='bbox 495 1549 750 1604; x_wconf 78' lang='grc' dir='ltr'>οἰκέοντας</span> <span class='ocrx_word' id='word_1_155' title='bbox 787 1551 996 1609; x_wconf 86' lang='grc' dir='ltr'>πάντας,</span> <span class='ocrx_word' id='word_1_156' title='bbox 1033 1546 1266 1616; x_wconf 83' lang='grc' dir='ltr'>ἦντιοῦτο</span> <span class='ocrx_word' id='word_1_157' title='bbox 1309 1549 1538 1619; x_wconf 85' lang='grc' dir='ltr'>Κροίσῳ.</span> <span class='ocrx_word' id='word_1_158' title='bbox 1582 1549 1701 1618; x_wconf 81' lang='grc' dir='ltr'>πρὶν</span> 
     </span>
     <span class='ocr_line' id='line_1_21' title="bbox 103 1623 1699 1700; baseline 0.001 -20"><span class='ocrx_word' id='word_1_159' title='bbox 103 1629 164 1681; x_wconf 74' lang='grc' dir='ltr'>δὲ</span> <span class='ocrx_word' id='word_1_160' title='bbox 193 1627 484 1694; x_wconf 77' lang='grc' dir='ltr'>ἐξελαύνειν</span> <span class='ocrx_word' id='word_1_161' title='bbox 514 1633 736 1700; x_wconf 84' lang='grc' dir='ltr'>ὁρμῆσαι</span> <span class='ocrx_word' id='word_1_162' title='bbox 771 1631 859 1683; x_wconf 84' lang='grc' dir='ltr'>τὸν</span> <span class='ocrx_word' id='word_1_163' title='bbox 885 1628 1127 1698; x_wconf 87' lang='grc' dir='ltr'>στρατὸν,</span> <span class='ocrx_word' id='word_1_164' title='bbox 1156 1626 1369 1695; x_wconf 74' lang='grc' dir='ltr'>πέμψας</span> <span class='ocrx_word' id='word_1_165' title='bbox 1406 1623 1621 1695; x_wconf 80' lang='grc' dir='ltr'>κήρυκας</span> <span class='ocrx_word' id='word_1_166' title='bbox 1648 1627 1699 1682; x_wconf 78' lang='grc' dir='ltr'>ἐς</span> 
     </span>
     <span class='ocr_line' id='line_1_22' title="bbox 101 1704 1691 1775; baseline 0.001 -17"><span class='ocrx_word' id='word_1_167' title='bbox 101 1705 228 1762; x_wconf 80' lang='grc' dir='ltr'>τοὺς</span> <span class='ocrx_word' id='word_1_168' title='bbox 255 1704 454 1769; x_wconf 81' lang='grc' dir='ltr'>Ἴωνας,</span> <span class='ocrx_word' id='word_1_169' title='bbox 488 1709 722 1775; x_wconf 83' lang='grc' dir='ltr'>ἐπειρᾶτο</span> <span class='ocrx_word' id='word_1_170' title='bbox 755 1711 920 1770; x_wconf 78' lang='grc' dir='ltr'>τφέας</span> <span class='ocrx_word' id='word_1_171' title='bbox 945 1707 1047 1759; x_wconf 86' lang='grc' dir='ltr'>ἀπὸ</span> <span class='ocrx_word' id='word_1_172' title='bbox 1076 1706 1305 1772; x_wconf 87' lang='grc' dir='ltr'>Κροίσου</span> <span class='ocrx_word' id='word_1_173' title='bbox 1332 1705 1691 1772; x_wconf 81' lang='grc' dir='ltr'>ἀπιστάμεναι.</span> 
     </span>
     <span class='ocr_line' id='line_1_23' title="bbox 93 1782 1746 1854; baseline 0.002 -18"><span class='ocrx_word' id='word_1_174' title='bbox 93 1782 274 1838; x_wconf 80' lang='grc' dir='ltr'>Ἴωνες</span> <span class='ocrx_word' id='word_1_175' title='bbox 298 1787 392 1852; x_wconf 89' lang='grc' dir='ltr'>μέν</span> <span class='ocrx_word' id='word_1_176' title='bbox 418 1809 491 1838; x_wconf 52' lang='grc' dir='ltr'>νυν</span> <span class='ocrx_word' id='word_1_177' title='bbox 531 1787 620 1839; x_wconf 80' lang='grc' dir='ltr'>οὒκ</span> <span class='ocrx_word' id='word_1_178' title='bbox 661 1787 941 1843; x_wconf 79' lang='grc' dir='ltr'>ἐπείθοντο.</span> <span class='ocrx_word' id='word_1_179' title='bbox 985 1788 1151 1854; x_wconf 66' lang='grc' dir='ltr'>Κῦρος</span> <span class='ocrx_word' id='word_1_180' title='bbox 1179 1784 1234 1836; x_wconf 65' lang='grc' dir='ltr'>δὲ</span> <span class='ocrx_word' id='word_1_181' title='bbox 1262 1783 1329 1837; x_wconf 63' lang='grc' dir='ltr'>ὦς</span> <span class='ocrx_word' id='word_1_182' title='bbox 1356 1783 1582 1842; x_wconf 70' lang='grc' dir='ltr'>ἀπίκετο,</span> <span class='ocrx_word' id='word_1_183' title='bbox 1617 1785 1697 1838; x_wconf 75' lang='grc' dir='ltr'>καὶ</span> <span class='ocrx_word' id='word_1_184' title='bbox 1721 1797 1746 1840; x_wconf 74' lang='lat'>4</span> 
     </span>
     <span class='ocr_line' id='line_1_24' title="bbox 101 1861 1697 1934; baseline 0.001 -19"><span class='ocrx_word' id='word_1_185' title='bbox 101 1861 718 1928; x_wconf 70' lang='grc' dir='ltr'>ἀπεστρατοπεδεύσατο</span> <span class='ocrx_word' id='word_1_186' title='bbox 763 1867 988 1934; x_wconf 77' lang='grc' dir='ltr'>Κροίσῳ,</span> <span class='ocrx_word' id='word_1_187' title='bbox 1039 1862 1254 1914; x_wconf 86' lang='grc' dir='ltr'>ἐνθαῦτα</span> <span class='ocrx_word' id='word_1_188' title='bbox 1301 1863 1355 1915; x_wconf 80' lang='grc' dir='ltr'>ἐν</span> <span class='ocrx_word' id='word_1_189' title='bbox 1396 1866 1459 1929; x_wconf 83' lang='grc' dir='ltr'>τῇ</span> <span class='ocrx_word' id='word_1_190' title='bbox 1504 1863 1697 1934; x_wconf 84' lang='grc' dir='ltr'>Πτερίῃ</span> 
     </span>
     <span class='ocr_line' id='line_1_25' title="bbox 100 1938 1744 2018; baseline 0.003 -26"><span class='ocrx_word' id='word_1_191' title='bbox 100 1942 250 2010; x_wconf 86' lang='grc' dir='ltr'>χώρῃ</span> <span class='ocrx_word' id='word_1_192' title='bbox 292 1944 570 2018; x_wconf 87' lang='grc' dir='ltr'>ε’πειρώατο</span> <span class='ocrx_word' id='word_1_193' title='bbox 599 1945 727 2002; x_wconf 76' lang='grc' dir='ltr'>κατὰ</span> <span class='ocrx_word' id='word_1_194' title='bbox 762 1941 822 1992; x_wconf 85' lang='grc' dir='ltr'>τὸ</span> <span class='ocrx_word' id='word_1_195' title='bbox 863 1939 1081 2008; x_wconf 84' lang='grc' dir='ltr'>ἲσχυρὸν</span> <span class='ocrx_word' id='word_1_196' title='bbox 1116 1938 1384 2007; x_wconf 82' lang='grc' dir='ltr'>ἀλλήλων.</span> <span class='ocrx_word' id='word_1_197' title='bbox 1432 1942 1601 2010; x_wconf 84' lang='grc' dir='ltr'>μάχης</span> <span class='ocrx_word' id='word_1_198' title='bbox 1642 1943 1696 1994; x_wconf 72' lang='grc' dir='ltr'>δὲ</span> <span class='ocrx_word' id='word_1_199' title='bbox 1718 1957 1744 1998; x_wconf 74' lang='lat'><em>3</em></span> 
     </span>
     <span class='ocr_line' id='line_1_26' title="bbox 102 2018 1693 2091; baseline 0.001 -21"><span class='ocrx_word' id='word_1_200' title='bbox 102 2039 346 2088; x_wconf 73' lang='grc' dir='ltr'>καρτεριμ.</span> <span class='ocrx_word' id='word_1_201' title='bbox 392 2030 675 2091; x_wconf 78' lang='grc' dir='ltr'>γενομένης,</span> <span class='ocrx_word' id='word_1_202' title='bbox 712 2021 792 2070; x_wconf 76' lang='grc' dir='ltr'>καὶ</span> <span class='ocrx_word' id='word_1_203' title='bbox 823 2021 1089 2071; x_wconf 87' lang='grc' dir='ltr'>πεσόντων</span> <span class='ocrx_word' id='word_1_204' title='bbox 1123 2018 1430 2090; x_wconf 86' lang='grc' dir='ltr'>ἀμφοτέρων</span> <span class='ocrx_word' id='word_1_205' title='bbox 1462 2021 1693 2080; x_wconf 82' lang='grc' dir='ltr'>πολλῶν,</span> 
     </span>
     <span class='ocr_line' id='line_1_27' title="bbox 99 2097 1693 2167; baseline -0.001 -18"><span class='ocrx_word' id='word_1_206' title='bbox 99 2097 258 2150; x_wconf 85' lang='grc' dir='ltr'>τέλος</span> <span class='ocrx_word' id='word_1_207' title='bbox 305 2099 562 2167; x_wconf 80' lang='grc' dir='ltr'>οὐδέτεροι</span> <span class='ocrx_word' id='word_1_208' title='bbox 607 2097 904 2163; x_wconf 80' lang='grc' dir='ltr'>νικήσαντες</span> <span class='ocrx_word' id='word_1_209' title='bbox 955 2097 1253 2163; x_wconf 74' lang='grc' dir='ltr'>διέστησαν,</span> <span class='ocrx_word' id='word_1_210' title='bbox 1304 2099 1487 2150; x_wconf 85' lang='grc' dir='ltr'>νυκτὸς</span> <span class='ocrx_word' id='word_1_211' title='bbox 1537 2097 1693 2148; x_wconf 85' lang='grc' dir='ltr'>ε’πελ-</span> 
     </span>
     <span class='ocr_line' id='line_1_28' title="bbox 102 2170 1691 2246; baseline -0.004 -15"><span class='ocrx_word' id='word_1_212' title='bbox 102 2175 315 2241; x_wconf 84' lang='grc' dir='ltr'>θούσης.</span> <span class='ocrx_word' id='word_1_213' title='bbox 352 2170 436 2222; x_wconf 82' lang='grc' dir='ltr'>καὶ</span> <span class='ocrx_word' id='word_1_214' title='bbox 486 2174 552 2225; x_wconf 82' lang='grc' dir='ltr'>τὰ</span> <span class='ocrx_word' id='word_1_215' title='bbox 585 2177 677 2245; x_wconf 81' lang='grc' dir='ltr'>μὲν</span> <span class='ocrx_word' id='word_1_216' title='bbox 714 2175 1038 2242; x_wconf 88' lang='grc' dir='ltr'>στρατόπεδα</span> <span class='ocrx_word' id='word_1_217' title='bbox 1071 2175 1340 2246; x_wconf 70' lang='grc' dir='ltr'>ἀμφότερα</span> <span class='ocrx_word' id='word_1_218' title='bbox 1366 2171 1527 2227; x_wconf 80' lang='grc' dir='ltr'>οὕτως</span> <span class='ocrx_word' id='word_1_219' title='bbox 1552 2171 1691 2242; x_wconf 81' lang='grc' dir='ltr'>ἠγω-</span> 
     </span>
     <span class='ocr_line' id='line_1_29' title="bbox 100 2255 307 2310; baseline -0.01 0"><span class='ocrx_word' id='word_1_220' title='bbox 100 2255 307 2310; x_wconf 78' lang='grc' dir='ltr'>νίσατο.</span> 
     </span>
    </p>

    <p class='ocr_par' dir='ltr' id='par_1_3' title="bbox 99 2333 1791 2640">
     <span class='ocr_line' id='line_1_30' title="bbox 200 2333 1791 2407; baseline 0.004 -20"><span class='ocrx_word' id='word_1_221' title='bbox 200 2345 424 2404; x_wconf 78' lang='grc' dir='ltr'>Κροῖσος</span> <span class='ocrx_word' id='word_1_222' title='bbox 479 2339 550 2401; x_wconf 78' lang='grc' dir='ltr'>δὲ,</span> <span class='ocrx_word' id='word_1_223' title='bbox 594 2337 847 2407; x_wconf 79' lang='grc' dir='ltr'>μεμφθεὶς</span> <span class='ocrx_word' id='word_1_224' title='bbox 889 2338 1017 2392; x_wconf 81' lang='grc' dir='ltr'>κατὰ</span> <span class='ocrx_word' id='word_1_225' title='bbox 1058 2340 1117 2391; x_wconf 87' lang='grc' dir='ltr'>τὸ</span> <span class='ocrx_word' id='word_1_226' title='bbox 1164 2336 1362 2406; x_wconf 83' lang='grc' dir='ltr'>πλῆθος</span> <span class='ocrx_word' id='word_1_227' title='bbox 1401 2338 1461 2390; x_wconf 84' lang='grc' dir='ltr'>τὸ</span> <span class='ocrx_word' id='word_1_228' title='bbox 1503 2339 1691 2394; x_wconf 75' lang='grc' dir='ltr'>ἑωυτοῦ</span> <span class='ocrx_word' id='word_1_229' title='bbox 1708 2333 1791 2398; x_wconf 72' lang='grc'>77</span> 
     </span>
     <span class='ocr_line' id='line_1_31' title="bbox 105 2410 1694 2484; baseline 0.004 -20"><span class='ocrx_word' id='word_1_230' title='bbox 105 2415 418 2479; x_wconf 73' lang='grc' dir='ltr'>στράτευμα·</span> <span class='ocrx_word' id='word_1_231' title='bbox 502 2410 564 2479; x_wconf 83' lang='grc' dir='ltr'>ἦν</span> <span class='ocrx_word' id='word_1_232' title='bbox 601 2419 700 2484; x_wconf 79' lang='grc' dir='ltr'>γάρ</span> <span class='ocrx_word' id='word_1_233' title='bbox 743 2419 791 2467; x_wconf 77' lang='grc' dir='ltr'>οἱ</span> <span class='ocrx_word' id='word_1_234' title='bbox 832 2419 860 2468; x_wconf 81' lang='grc' dir='ltr'><strong><em>ὁ</em></strong></span> <span class='ocrx_word' id='word_1_235' title='bbox 903 2417 1191 2484; x_wconf 80' lang='grc' dir='ltr'>συμβαλὼν</span> <span class='ocrx_word' id='word_1_236' title='bbox 1230 2418 1451 2484; x_wconf 90' lang='grc' dir='ltr'>στρατὸς</span> <span class='ocrx_word' id='word_1_237' title='bbox 1490 2419 1694 2470; x_wconf 86' lang='grc' dir='ltr'>πολλὸν</span> 
     </span>
     <span class='ocr_line' id='line_1_32' title="bbox 103 2489 1694 2562; baseline 0.001 -19"><span class='ocrx_word' id='word_1_238' title='bbox 103 2489 362 2545; x_wconf 70' lang='grc' dir='ltr'>ἐλάσσων</span> <span class='ocrx_word' id='word_1_239' title='bbox 396 2489 484 2557; x_wconf 81' lang='grc' dir='ltr'>ἢὸ</span> <span class='ocrx_word' id='word_1_240' title='bbox 524 2489 712 2561; x_wconf 84' lang='grc' dir='ltr'>Κύρου·</span> <span class='ocrx_word' id='word_1_241' title='bbox 757 2496 910 2545; x_wconf 84' lang='grc' dir='ltr'>τοῦτο</span> <span class='ocrx_word' id='word_1_242' title='bbox 946 2493 1217 2562; x_wconf 77' lang='grc' dir='ltr'>μεμφθεὶς,</span> <span class='ocrx_word' id='word_1_243' title='bbox 1250 2493 1316 2546; x_wconf 83' lang='grc' dir='ltr'>ὦς</span> <span class='ocrx_word' id='word_1_244' title='bbox 1351 2494 1413 2560; x_wconf 80' lang='grc' dir='ltr'>τῇ</span> <span class='ocrx_word' id='word_1_245' title='bbox 1450 2493 1694 2562; x_wconf 77' lang='grc' dir='ltr'>ὑστεραίῃ</span> 
     </span>
     <span class='ocr_line' id='line_1_33' title="bbox 99 2568 1691 2640; baseline 0.001 -21"><span class='ocrx_word' id='word_1_246' title='bbox 99 2568 192 2620; x_wconf 79' lang='grc' dir='ltr'>οὐκ</span> <span class='ocrx_word' id='word_1_247' title='bbox 222 2570 457 2638; x_wconf 74' lang='grc' dir='ltr'>ἐπειρᾶτο</span> <span class='ocrx_word' id='word_1_248' title='bbox 479 2571 632 2622; x_wconf 79' lang='grc' dir='ltr'>ἐπιὼν</span> <span class='ocrx_word' id='word_1_249' title='bbox 658 2572 688 2622; x_wconf 84' lang='grc' dir='ltr'><strong><em>ὁ</em></strong></span> <span class='ocrx_word' id='word_1_250' title='bbox 717 2573 900 2639; x_wconf 82' lang='grc' dir='ltr'>Κῦρος,</span> <span class='ocrx_word' id='word_1_251' title='bbox 923 2569 1182 2636; x_wconf 79' lang='grc' dir='ltr'>ἀπήλαυνε</span> <span class='ocrx_word' id='word_1_252' title='bbox 1210 2568 1377 2623; x_wconf 54' lang='lat' dir='ltr'>‘&#39;fv-212</span> <span class='ocrx_word' id='word_1_253' title='bbox 1402 2571 1604 2640; x_wconf 83' lang='grc' dir='ltr'>Σάρδις,</span> <span class='ocrx_word' id='word_1_254' title='bbox 1635 2571 1691 2620; x_wconf 81' lang='grc' dir='ltr'>ἐν</span> 
     </span>
    </p>
   </div>
  </div>
 </body>
</html>
