1975 2892
252 121 291 177 2
827 127 1234 174 ΗΡοΔοΤοΥ

1562 188 1633 234 [A.
1653 189 1696 228 c.
1716 189 1815 230 1253
1828 190 1847 229 ?

255 240 387 306 νηὸς,
411 238 657 292 ὠνέεσθαι
677 245 778 293 τῶν
797 239 1047 310 φορτίων,
1068 245 1169 292 τῶν
1190 240 1296 309 σφι
1320 236 1382 306 ἦν
1402 237 1561 307 θυμὸς
1584 242 1832 306 μάλιστα·

255 319 335 369 καὶ
363 317 481 372 τοὺς
508 318 741 373 Φοίνικας
775 317 1263 386 διακελευσαμένους
1302 319 1524 388 ὁρμῆσαι
1556 315 1631 370 ἐπ’
1662 317 1837 370 αὐτάς.

219 396 344 450 ὅτὰς
381 396 474 463 μὲν
508 395 568 463 δὴ
611 399 833 451 πλεῦνας
873 402 974 450 τῶν
1012 401 1260 468 γυναικῶν
1293 395 1623 466 ἀποφυγέειν,
1654 395 1745 462 τὴν
1781 396 1837 447 δέ

252 472 387 526 Ἰοῦν
415 472 513 526 σὺν
539 474 737 542 ἄλλῃσι
773 473 1114 546 ἁρπασθῆναι.
1160 473 1544 541 ἐσβαλομένους
1580 473 1636 527 δὲ
1668 473 1721 528 ἐς
1746 473 1839 541 τὴν

207 552 244 604 2
257 551 358 612 νέα,
401 550 641 621 οἴχεσθαι
681 553 1035 607 ἀποπλέοντας
1080 550 1157 606 ἐπ’
1206 550 1485 622 Αἰγύπτου.
1690 549 1836 604 Οὕτω

253 631 346 698 μὲν
380 629 513 684 Ἰοῦν
545 631 596 686 ἐς
633 628 892 702 Αἴγυπτον
927 629 1199 684 ἀπικέσθαι
1240 629 1460 700 λέγουσι
1497 629 1715 700 Πέρσαι,
1745 630 1837 682 οὐκ

255 709 325 763 ὧς
360 709 603 764 Φοίνικες’
649 711 732 762 καὶ
766 715 867 761 τῶν
891 709 1210 776 ἀδικημάτων
1240 711 1393 760 τοῦτο
1428 706 1579 778 ἄρξαι
1612 713 1831 778 πρῶτον.

217 797 243 838 2
259 786 402 838 Μετὰ
431 787 485 840 δὲ
512 791 688 847 ταῦτα,
715 783 982 854 Ἑλλήνων
1007 787 1146 840 τινὰς
1174 782 1260 856 (οὗ
1287 786 1387 856 γὰρ
1414 787 1598 854 ἔχουσι
1617 789 1837 853 τοῦνομα

255 859 651 936 ἀπηγήσασθαι)
680 865 818 934 φασὶ
845 867 934 932 τῆς
955 865 1187 931 Φοινίκης
1224 865 1276 919 ἐς
1301 861 1464 933 Τύρον
1488 867 1833 935 προσχόντας,

256 945 486 1012 ἁρπάσαι
513 946 604 996 τοῦ
630 942 882 1007 βασιλέος
916 942 1008 1010 τὴν
1035 941 1287 1014 θυγατέρα
1322 942 1587 1012 Εὐρώπην.
1634 939 1837 1014 (ε’ίησαν

218 1033 241 1074 8
261 1019 300 1074 δ’
331 1020 392 1073 ἂν
418 1019 560 1073 οὗτοι
589 1015 828 1092 Κρῆτες.)
881 1025 1039 1073 ταῦτα
1079 1022 1171 1088 μὲν
1211 1021 1271 1088 δὴ
1303 1017 1397 1072 ’ίσα
1437 1021 1541 1089 σφι
1575 1021 1705 1088 πρὸς
1744 1017 1837 1072 ’ίσα

118 1092 516 1174 ἷρξὲἳγενέσθαι.
600 1100 745 1152 Μετὰ
781 1099 836 1152 δὲ
875 1097 1332 1166 ταῦτα,>”Ελληνας
1366 1097 1558 1152 αἰτίους
1597 1099 1689 1165 τῆς
1724 1099 1837 1150 δευ-

258 1177 404 1246 τέρης
437 1177 627 1242 ἀδικίης
668 1175 926 1247 γενέσθαι.
971 1178 1404 1231 καταπλώσαντας
1436 1176 1537 1246 γὰρ
1568 1179 1731 1247 μακρῇ
1760 1172 1841 1242 νηῒ

259 1255 312 1310 ἐς
345 1250 470 1308 Αἶάν
495 1276 551 1308 τε
586 1255 678 1323 τὴν
704 1256 938 1324 Κολχίδα
975 1255 1056 1307 καὶ
1080 1255 1165 1309 ε’πὶ
1200 1257 1365 1308 Φᾶσιν
1388 1256 1635 1322 ποταμὸν,
1666 1252 1834 1306 ἐνθεῦ-

259 1355 362 1395 τεν,
407 1334 839 1405 διαπρηξαμένους
877 1333 960 1385 καὶ
1012 1333 1181 1386 τᾶλλα
1229 1337 1331 1385 τῶν
1369 1329 1555 1385 εἵνεκεν
1599 1331 1832 1396 ἀπίκατο,

219 1423 244 1462 4
262 1413 490 1482 ἁρπάσαι
531 1415 623 1465 τοῦ
665 1411 918 1476 βασιλέος
963 1410 1055 1478 τὴν
1102 1409 1355 1482 θυγατέρα
1396 1410 1638 1476 Μηδείην.
1706 1409 1835 1478 πέμ-

259 1491 436 1559 ψαντα
464 1491 518 1544 δὲ
546 1492 634 1543 τὸν
661 1491 871 1558 Κόλχον
898 1488 951 1543 ἐς
976 1488 1069 1556 τὴν
1092 1487 1321 1542 Ἐλλάδα
1348 1486 1552 1558 κήρυκα,
1582 1486 1763 1541 αἰτέειν
1782 1511 1838 1543 τε

220 1573 244 1613 5
263 1569 403 1623 δίκας
427 1571 518 1636 τῆς
543 1571 789 1640 ἁρπαγῆς,
821 1569 902 1620 καὶ
928 1565 1183 1621 ἀπαιτέειν
1208 1566 1299 1634 τὴν
1326 1564 1594 1636 θυγατέρα.
1638 1566 1756 1621 τοὺς
1783 1568 1838 1620 δὲ

261 1646 648 1717 ὑποκρίνασθαι,
679 1648 746 1701 ὡς
773 1646 890 1699 οὐδὲ
917 1645 1098 1698 ἐκεῖνοι
1124 1641 1254 1699 Ἰοῦς
1279 1647 1369 1712 τῆς
1394 1643 1627 1716 Ἀργείης
1651 1645 1839 1698 ἔδοσάν

264 1726 368 1793 σφι
395 1724 536 1778 δίκας
561 1726 649 1791 τῆς
677 1725 923 1791 ἁρπαγῆς,
952 1724 1071 1776 οὐδὲ
1100 1723 1171 1776 ὧν
1194 1723 1337 1776 αὐτοὶ
1364 1724 1551 1776 δώσειν
1576 1722 1835 1777 ἐκείνοισι.

211 1799 246 1852 3
271 1797 490 1856 Δευτὲρῃ
540 1797 594 1846 δὲ
651 1797 869 1860 λέγουσι
913 1800 1063 1865 γενεῇ
1119 1800 1247 1864 μετὰ
1292 1805 1448 1854 ταῦτα
1497 1799 1841 1868 Ἀλέξανδρον

121 1865 352 1948 ῢξέἳτὸν
378 1870 628 1937 Πριάμου,
651 1870 900 1937 ἀκηκοότα
919 1874 1094 1931 ταῦτα,
1118 1872 1365 1940 ἐθελῆσαί
1383 1877 1433 1926 οἱ
1453 1874 1508 1926 ἐκ
1533 1877 1623 1942 τῆς
1647 1873 1837 1930 Ἐλλά-

265 1949 352 2001 δος
388 1945 452 2000 δι’
481 1950 710 2017 ἁρπαγῆς
742 1948 983 2018 γενέσθαι
1024 1953 1251 2020 γυναῖκα,
1282 1951 1619 2020 ἐπιστάμενον
1642 1955 1841 2010 πάντως

223 2023 343 2078 2ὅτι
371 2025 430 2077 οὔ
459 2026 615 2079 δώσει
642 2026 798 2080 δίκας·
845 2029 962 2079 οὔτε
985 2028 1087 2099 γὰρ
1122 2028 1340 2084 ἐκείνους
1366 2031 1575 2084 διδόναι.
1618 2028 1749 2084 οὕτω
1778 2034 1839 2101 δὴ

263 2105 587 2174 ἁρπάσαντος
607 2104 760 2157 αὐτοῦ
785 2102 1015 2172 Ἑλένην,
1036 2109 1177 2159 τοῖσι
1193 2105 1425 2174 Ἕλλησι
1452 2109 1615 2175 δόξαι,
1638 2115 1843 2178 πρῶτον

261 2182 567 2252 πέμψαντας
608 2181 878 2252 ἀγγέλους,
921 2183 1178 2238 ἀπαιτέειν
1212 2205 1268 2238 τε
1312 2184 1401 2238 Ἑλ
1410 2186 1540 2253 ένην,
1578 2187 1659 2240 καὶ
1700 2187 1843 2246 δίκας

219 2271 244 2313 8
263 2262 353 2327 τῆς
372 2263 602 2332 ἁρπαγῆς
621 2259 819 2315 αἷτέειν.
863 2261 982 2317 τοῦς
1010 2263 1083 2324 δὲ,
1105 2264 1495 2333 προῖσχομένων
1513 2267 1687 2325 ταῦτα,
1708 2288 1839 2336 προ-

263 2339 442 2408 φέρειν
469 2340 572 2408 σφι
616 2339 838 2406 Μηδείης
871 2340 963 2407 τὴν
998 2339 1247 2412 ἁρπαγήν·
1292 2342 1361 2396 ὡς
1396 2343 1455 2395 οὗ
1493 2343 1664 2397 δόντες
1696 2344 1844 2399 αὐτοὶ

263 2417 419 2477 δίκας,
449 2417 567 2470 οὐδὲ
604 2417 830 2472 ἐκδόντες
871 2417 1228 2480 ἀπαιτεόντων,
1257 2420 1538 2483 βουλοίατό
1581 2423 1685 2490 σφι
1720 2423 1841 2493 παρ’

203 2495 244 2549 4
262 2493 438 2546 ἄλλων
464 2495 605 2549 δίκας
628 2495 882 2565 γίνεσθαι.
1048 2497 1219 2568 Μέχρι
1243 2497 1336 2564 μὲν
1362 2497 1431 2551 ὧν
1456 2497 1639 2552 τούτου
1674 2505 1841 2571 ἁρπα-

217 2585 244 2626 2
261 2572 356 2642 γὰς
378 2571 567 2640 μοῦνας
593 2569 718 2626 εἶναι
743 2572 860 2644 παρ’
888 2573 1152 2642 ἀλλήλων·
1196 2576 1255 2628 τὸ
1282 2575 1338 2629 δὲ
1364 2577 1465 2630 ἀπὸ
1491 2576 1693 2642 τούτου,
1708 2578 1840 2633 Ἐλ-
