1975 2892
574 118 951 167 Imma—1.
987 130 1228 181 119-121.
1613 112 1692 165 69

103 193 168 232 οι.
188 190 329 235 50.1.]

106 247 191 298 καὶ
226 244 655 315 ἀγγελιηφόρους,
686 246 768 298 καὶ
800 246 864 298 τὰ
894 246 1057 299 λοιπὰ
1087 247 1252 300 πάντα
1285 244 1524 311 διατάξας
1559 240 1688 315 εἶχε.

105 323 193 375 καὶ
222 328 315 377 νῦν
349 322 401 376 ἐς
435 324 487 374 τί
522 322 639 390 ὑμῖν
673 327 830 375 ταῦτα
866 324 1103 393 φαίνεται
1139 320 1398 394 φέρειν;”
1441 319 1605 377 Εἶπαν
1640 325 1732 378 οἶ4

103 402 283 471 μάγοι·
330 400 365 425 “
384 400 448 451 Εἴ
471 400 563 468 μὲν
586 400 823 473 περίεστί
848 423 923 462 τε,
953 402 1037 454 καὶ
1064 401 1379 465 ἐβασίλευσε
1415 404 1444 453 ὁ
1477 404 1596 455 παῖς
1619 400 1689 468 μὴ

106 479 163 531 ἐκ
199 477 441 547 προνοίης
475 478 627 537 τινὸς,
668 478 849 548 θάρσει
885 500 941 531 τε
976 476 1161 531 τούτου
1197 476 1376 536 εἵνεκα,
1415 479 1496 530 καὶ
1532 478 1692 546 θυμὸν

103 558 195 625 ἔχε
216 555 427 625 ἀγαθόν·
471 556 531 607 οὗ
556 556 658 626 γὰρ
679 556 753 608 ἔτι
772 558 831 609 τὸ
860 554 1096 627 δεύτερον
1122 555 1283 626 ἄρξει.
1340 554 1478 625 παρὰ
1501 554 1691 625 σμικρὰ

98 636 204 703 γὰρ
233 634 319 685 καὶ
343 637 445 685 τῶν
478 634 672 704 λογίων
697 632 813 699 ἡμῖν
839 634 945 686 ἔνια
980 636 1253 704 κεχώρηκε·
1299 634 1380 685 καὶ
1407 633 1470 685 τά
1503 654 1565 703 γε
1591 638 1692 685 τῶν

98 712 379 781 ὀνειράτων
405 712 639 779 ἐχόμενα,
669 711 855 767 τελέως
884 712 934 765 ἐς
961 712 1175 766 ἀσθενὲς
1211 707 1474 782 ἕρχεται.”
1515 709 1684 778 Ἀμεί-
1702 724 1728 764 ⁵

97 793 255 855 βεται
289 788 581 856 Ἀστυάγης
614 790 810 841 τοῖσδε·
856 794 895 815 “
914 790 1013 842 Καὶ
1049 788 1216 849 αὐτὸς,
1256 788 1295 841 ὦ
1329 790 1502 859 μάγοι,
1533 787 1689 855 ταύτῃ

97 870 357 921 πλεῖστος
370 868 574 937 γνώμην
590 865 707 934 εἷμὶ,
726 866 978 929 βασιλέος
995 867 1366 936 ὀνομασθέντος
1382 872 1472 919 τοῦ
1487 868 1686 927 παιδὸς,

100 943 307 1012 ἐξήκειν
333 966 390 997 τε
425 945 515 997 τὸν
550 942 761 1013 ὄνειρον,
792 944 877 997 καί
909 966 998 1011 μοι
1032 948 1122 998 τὸν
1154 946 1311 999 παῖδα
1345 950 1526 999 τοῦτον
1563 940 1688 998 εἶναι

100 1025 275 1077 δεινὸν
300 1022 502 1075 οῦδεν”
473 1043 566 1075 ετι.
650 1022 785 1090 ὅμως
809 1022 902 1090 μέν
930 1045 993 1093 γε
1018 1043 1098 1075 τοι
1126 1021 1558 1089 συμβουλεύσατέ
1579 1037 1729 1090 poem

100 1102 160 1154 εὖ
187 1100 650 1199 περιμσκεψάμενοι,
680 1100 743 1151 τὰ
777 1101 966 1167 μέλλει
1003 1101 1382 1169 ἀσφαλέστατα
1417 1096 1541 1153 εἶναι
1569 1098 1690 1173 οἴκῳ

98 1201 160 1231 τε
187 1184 263 1250 τῷ
290 1173 395 1251 ἐμω
421 1178 502 1231 καὶ
530 1178 662 1244 ὑμῖν.
669 1174 705 1195 ”
747 1173 911 1231 Ειπαν
934 1180 1066 1249 πρὸς
1091 1182 1248 1231 ταῦτα
1275 1180 1325 1231 οἱ
1349 1180 1523 1277 μάγοι·
1571 1182 1605 1204 “
1619 1174 1688 1231 Ὠ
1705 1182 1730 1225 7

97 1258 352 1318 βασιλεῦ,
382 1256 463 1308 καὶ
502 1256 705 1308 αὗτοῖσι
739 1254 857 1323 ἡμῖν
881 1278 1000 1327 περι
1024 1259 1228 1310 πολλοῦ
1256 1256 1370 1309 ἐστὶ
1410 1256 1687 1327 κατορθοῦ-

100 1334 233 1387 σθαι
274 1334 440 1403 άρχὴν
468 1333 561 1401 τὴν
595 1330 714 1399 σήν.
758 1334 929 1388 κείνως
962 1335 1056 1401 μὲν
1093 1335 1193 1405 γὰρ
1229 1335 1609 1405 ἀλλοτριοῦται,
1639 1334 1692 1388 ἐς

99 1414 196 1465 τὸν
232 1412 390 1465 παῖδα
424 1415 605 1463 τοῦτον
639 1416 928 1481 περιῖοῦσα,
960 1412 1107 1465 ε’όντα
1142 1413 1367 1481 Πέρσην·
1415 1412 1496 1463 καὶ
1531 1410 1690 1478 ἡμεῖς,

102 1491 279 1543 ἐόντες
315 1490 500 1557 Μῆδοι,
530 1486 850 1557 δουλοῦμεθά
884 1511 958 1549 τε,
999 1490 1081 1541 καὶ
1114 1492 1278 1559 λόγου
1314 1489 1519 1543 οὐδενὸς
1551 1490 1690 1558 γινό-
1727 1524 1734 1529 ·

99 1566 241 1636 μεθα
274 1568 405 1636 πρὸς
440 1569 703 1637 Περσέων,
742 1568 907 1621 ε’όντες
943 1566 1118 1633 ξεῖνοι·
1177 1567 1269 1619 σέο
1307 1566 1350 1619 δ’
1389 1567 1692 1620 ἐνεστεῶτος
1708 1576 1734 1617 8

100 1644 379 1710 βασιλέος,
418 1645 588 1699 ἐόντος
621 1642 896 1711 πολιήτεω,
936 1646 1018 1697 καὶ
1053 1643 1278 1714 ἄρχομεν
1310 1646 1371 1697 τὸ
1405 1643 1575 1714 μέρος,
1611 1645 1694 1697 καὶ

102 1723 261 1790 τιμὰς
284 1724 414 1793 πρὸς
441 1722 533 1776 σέο
558 1723 786 1793 μεγάλας
812 1723 1015 1791 ἔχομεν.
1097 1719 1230 1776 οὕτω
1259 1721 1328 1775 ὧν
1352 1723 1552 1776 πάντως
1577 1719 1694 1789 ἡμῖν

106 1801 207 1854 σέο
235 1820 292 1852 τε
328 1801 409 1852 καὶ
447 1802 537 1867 τῆς
574 1803 670 1867 σῆς
704 1800 867 1871 ἀρχῆς
899 1800 1188 1871 προοπτέον
1223 1800 1356 1854 ἔστί.
1425 1800 1510 1854 καί
1535 1803 1623 1854 νῦν
1648 1800 1734 1853 εἷο

105 1880 347 1948 φοβερόν
372 1899 423 1930 τι
456 1880 705 1947 ἑωρῶμεν,
734 1880 835 1932 πᾶν
860 1876 921 1932 ἅν
948 1899 1036 1931 σοι
1070 1880 1478 1950 προεφράζομεν·
1523 1882 1612 1933 νῦν
1637 1880 1694 1933 δὲ

106 1953 519 2024 ἀποσκήψαντος
544 1959 635 2009 τοῦ
669 1955 907 2009 ε’νυπνίου
943 1956 996 2011 ἔς
1030 1958 1285 2028 φλαῦρον,
1315 1958 1461 2011 αὐτοί
1485 1979 1541 2010 τε
1569 1957 1692 2028 θαρ-

110 2034 319 2099 σέομεν,
348 2035 431 2085 καὶ
469 2036 557 2088 σοὶ
592 2034 739 2103 ἔτερα
772 2036 981 2087 τοιαῦτα
1015 2035 1478 2105 παρακελευόμεθα·
1522 2036 1612 2087 τὸν
1638 2034 1694 2087 δὲ
1739 2030 1751 2041 ’

106 2111 273 2165 παῖδα
297 2115 479 2165 τοῦτον
504 2111 563 2178 ἐξ
590 2111 875 2181 ὀφθαλμῶν
901 2112 1210 2182 ἀπόπεμψαι
1231 2114 1282 2169 ἐς
1309 2112 1517 2182 Πέρσας
1537 2133 1592 2164 τε
1613 2112 1696 2164 καὶ

107 2188 235 2243 τοὺς
258 2186 641 2258 γειναμένους.”
865 2186 1121 2245 Ἀκούσας
1147 2193 1304 2242 ταῦτα
1331 2193 1360 2242 ὁ
1384 2189 1691 2257 Ἀστυάγης,
1718 2185 1825 2242 121

108 2267 275 2335 ἐχάρη
302 2287 376 2327 τε,
406 2267 488 2320 καὶ
523 2267 747 2323 καλέσας
773 2268 862 2321 τὸν
897 2272 1084 2337 Κῦρον,
1114 2267 1270 2337 ἔλεγέ
1295 2267 1344 2317 οἱ
1370 2268 1509 2319 τάδε·
1577 2261 1696 2317 “Ὠ
1748 2334 1757 2341 .

108 2346 228 2403 παῖ,
259 2344 322 2396 σὲ
347 2344 447 2415 γὰρ
475 2345 575 2416 ἐγὼ
602 2344 665 2398 δι’
695 2345 825 2415 ὄψιν
848 2345 1050 2415 ὀνείρου
1085 2344 1146 2396 οὗ
1182 2344 1360 2410 τελέην
1390 2341 1606 2411 ἠδίκεον,
1635 2345 1697 2411 τῇ

110 2424 348 2475 σεωυτοῦ
376 2423 431 2475 δὲ
456 2423 607 2492 μοίρῃ
628 2423 837 2495 περίεις·
882 2426 969 2477 νῦν
990 2421 1060 2475 ὧν
1076 2419 1150 2474 ’ίθι
1176 2421 1370 2491 χαίρων
1390 2422 1441 2477 ἐς
1468 2422 1692 2492 Πέρσας,

111 2498 355 2568 πομποὺς
386 2499 429 2553 δ’
459 2501 559 2571 ἐγὼ
586 2502 689 2570 ἅμα
713 2502 930 2571 πέμψω.
972 2500 1147 2554 ἐλθὼν
1181 2500 1238 2553 δὲ
1265 2498 1386 2561 ἐκεῖ,
1413 2501 1607 2571 πατέρα
1641 2522 1696 2553 τε
