1975 2892
289 81 366 139 70
872 88 1276 137 ΗΡοΔοΤοΥ
1571 136 1642 184 [A
1655 136 1699 175 α
1719 147 1758 175 ο
1777 136 1873 175 56⁰

290 202 372 255 καὶ
396 201 589 271 μητέρα
629 198 882 271 εὑρήσεις,
911 201 972 253 οὐ
1001 201 1126 254 κατὰ
1162 199 1490 270 Μιτραδάτην
1517 220 1574 251 τε
1605 199 1697 251 τὸν
1735 200 1875 263 βου-

290 282 445 331 κόλον
472 280 553 331 και
578 279 669 345 τὴν
694 282 904 345 γυναῖκα
930 276 1126 332 αὗτοῦ.’

152 357 265 412 122
382 358 550 409 Ταῦτα
598 354 742 413 εἴπας
782 358 813 409 ὅ
855 356 1161 425 Ἀστυάγης,
1210 353 1500 422 ἀποπέμπει
1541 354 1632 407 τὸν
1673 356 1868 422 Κῦρον.

290 431 616 501 νοστήσαντα
641 432 700 486 δέ
722 454 809 500 μιν
829 432 881 487 ές
907 436 1000 486 τοῦ
1038 430 1333 500 Καμβύσεω
1359 433 1424 485 τὰ
1450 431 1600 492 οῖκία,
1631 431 1881 497 ἐδέξαντο

290 511 341 563 οἱ
381 512 683 582 γεινάμενοι·
768 511 850 563 καὶ
902 509 1186 578 δεξάμενοι,
1215 511 1284 565 ὣς
1324 508 1590 571 ἐπύθοντο,
1631 511 1884 580 μεγάλως

290 588 603 655 ἀσπάζοντο,
632 584 716 641 οἶα
751 588 812 656 δὴ
841 588 1169 656 ἐπιστάμενοι
1196 588 1373 641 αὐτίκα
1399 590 1514 640 τότε
1541 590 1877 655 τελευτῆσαι·

244 684 271 727 2
293 666 525 739 ἱστόρεόν
550 688 607 719 τε
632 664 759 739 ὅτεῳ
785 668 957 737 τρόπῳ
993 666 1328 737 περιγένοιτο.
1397 668 1427 717 ὁ
1463 665 1521 719 δέ
1555 667 1660 733 σφι
1695 666 1880 734 ἔλεγε,

290 746 398 814 φὰς
415 747 517 815 πρὸ
532 747 625 796 τοῦ
643 745 736 812 μὲν
754 744 845 796 οὐκ
866 742 1066 805 εἰδέναι,
1088 744 1229 809 ἀλλὰ
1248 742 1580 815 ἡμαρτηκέναι
1597 745 1880 805 πλεῖστον,

290 822 397 874 κατ’
420 824 540 875 ὁδὸν
567 821 622 874 δὲ
648 821 901 875 πυθέσθαι
919 824 1094 875 πᾶσαν
1113 822 1204 890 τὴν
1230 824 1419 875 ἑωυτοῦ
1438 819 1622 888 πάθην.
1653 820 1878 875 ε’πίστα-

292 899 416 953 σθαι
453 900 547 968 μὲν
583 899 703 970 γὰρ,
739 900 808 955 ὦς
844 902 1105 965 βουκόλου
1145 904 1237 954 τοῦ
1269 898 1584 969 Ἀστυάγεος
1619 896 1696 966 εἴη
1729 902 1878 955 παῖς·

289 976 391 1031 άπὸ
432 978 489 1031 δὲ
523 978 614 1045 τῆς
648 977 811 1031 κεῖθεν
845 978 968 1031 ὁδοῦ
1005 978 1092 1031 τὸν
1125 979 1290 1031 πάντα
1322 980 1484 1048 λόγον
1517 982 1619 1029 τῶν
1652 983 1882 1045 πομπῶν

244 1070 271 1113 8
288 1054 566 1110 πυθέσθαι.
628 1057 881 1126 τραφῆναι
922 1056 977 1109 δὲ
1019 1057 1174 1126 ἔλεγε
1213 1056 1312 1110 ὑπὸ
1352 1056 1442 1123 τῆς
1479 1057 1572 1107 τοῦ
1609 1057 1882 1119 βουκόλου

288 1135 542 1205 γυναικός.
603 1133 691 1201 ἤῖέ
714 1156 771 1186 τε
797 1130 983 1200 ταύτην
1008 1133 1186 1187 αἰνέων
1213 1134 1296 1187 διὰ
1320 1134 1525 1188 παντός·
1571 1130 1632 1199 ἦν
1655 1133 1716 1185 τέ
1739 1135 1794 1186 οἱ
1821 1133 1884 1187 ἔν

290 1215 365 1283 τῷ
387 1213 533 1284 λόγῳ
560 1211 624 1263 τὰ
648 1212 813 1264 πάντα
838 1210 868 1278 ἦ
897 1213 1062 1265 Κυνώ.
1108 1214 1158 1264 οἱ
1185 1212 1242 1265 δὲ
1268 1212 1454 1271 τοκέες,
1482 1213 1882 1281 παραλαβόντες

289 1289 350 1341 τὸ
390 1291 581 1357 οὔνομα
618 1290 788 1350 τοῦτο,
831 1286 913 1342 ἵνα
952 1288 1220 1360 θειοτέρως
1260 1289 1408 1356 δοκέῃ
1449 1286 1592 1341 τοῖσι
1628 1288 1884 1359 Πέρσῃσι

288 1366 535 1438 περιεῖναί
570 1367 675 1437 σφι
702 1369 730 1420 ὁ
765 1369 901 1427 παῖς,
931 1368 1256 1430 κατέβαλλον
1291 1368 1451 1437 φάτιν
1485 1367 1554 1421 ὦς
1589 1366 1885 1435 ἐκκείμενον

291 1448 461 1517 Κῦρον
486 1442 617 1498 κύων
637 1444 906 1516 ἐξέθρεψε.
950 1445 1182 1498 ἐνθεῦτεν
1199 1446 1293 1513 μὲν
1318 1444 1348 1512 ἦ
1371 1446 1528 1514 φάτις
1553 1442 1677 1511 αὕτη
1707 1447 1881 1513 κεχώ-

160 1522 268 1579 123
286 1545 427 1594 ρηκε.
661 1521 813 1597 Κύρῳ
840 1524 895 1577 δὲ
922 1523 1256 1596 ἀνδρευμένῳ,
1286 1524 1367 1576 καὶ
1395 1523 1530 1575 ε’όντι
1554 1528 1656 1576 τῶν
1681 1521 1885 1590 ἡλίκων
1969 1572 1971 1577 ,

290 1601 625 1675 ἀνδρειοτάτῳ
643 1602 725 1655 καὶ
739 1602 1204 1672 προσφιλεστάτῳ,
1222 1600 1527 1672 προσέκειτο
1546 1602 1574 1653 ὁ
1586 1598 1881 1671 Ἅρπαγος,

245 1692 272 1735 2
291 1679 429 1750 δῶρα
478 1680 709 1749 πέμπων,
763 1678 1013 1732 τίσασθαι
1063 1677 1354 1749 Ἀστυάγεα
1405 1677 1713 1746 ε’πιθυμέων.
1786 1679 1880 1733 ἀπ’

290 1758 481 1811 ἑωυτοῦ
511 1759 628 1827 γὰρ,
656 1756 830 1811 ε’όντος
866 1756 1094 1818 ῖδιῶτεω,
1124 1756 1216 1809 οῧκ
1241 1755 1430 1827 ἐνεώρα
1464 1756 1710 1827 τιμωρίην
1745 1755 1880 1811 ε’σο-

288 1834 443 1901 μένην
478 1832 532 1889 ε’ς
568 1834 877 1904 Ἀστυάγεα·
949 1838 1119 1904 Κῦρον
1159 1834 1214 1887 δὲ
1251 1834 1409 1904 ὁρέων
1450 1833 1882 1903 ἐπιτρεφόμενον,

289 1910 515 1963 ε’ποιέετο
554 1908 842 1981 σύμμαχον,
870 1912 962 1967 τὰς
995 1912 1161 1966 πάθας
1199 1913 1290 1967 τὰς
1325 1909 1496 1983 Κύρου
1529 1915 1654 1979 τῇσι
1679 1913 1883 1966 ἑωυτοῦ

244 2001 271 2045 8
290 1984 635 2056 ὁμοιούμενος.
704 1991 806 2060 πρὸ
848 1988 891 2043 δ’
933 1990 1010 2042 ἔτι
1049 1988 1233 2043 τούτου
1279 1990 1400 2043 τάδε
1439 1990 1490 2042 οἱ
1530 1989 1879 2060 κατέργαστο·

289 2065 461 2119 ε’όντος
498 2070 589 2119 τοῦ
613 2064 929 2137 Ἀστυάγεος
961 2071 1146 2139 πικροῦ
1183 2067 1234 2121 ές
1269 2067 1388 2123 τοὺς
1422 2065 1648 2135 Μήδους,
1679 2069 1879 2136 συμμέ-

290 2164 435 2215 σγων
460 2144 533 2197 ε’νὶ
560 2146 760 2218 ἑκάστῳ
787 2148 816 2197 ὁ
834 2143 1101 2216 Ἅρπαγος
1131 2150 1233 2198 τῶν
1265 2147 1482 2216 πρώτων
1518 2143 1726 2212 Μήδων,
1757 2146 1880 2199 ἀνέ-

287 2220 433 2276 πειθε
473 2222 542 2277 ὣς
578 2223 681 2294 χρὴ
729 2226 898 2294 Κῦρον
936 2221 1410 2293 προστησαμένους,
1453 2224 1543 2276 τὸν
1580 2221 1884 2291 Ἀστυάγεα

244 2313 273 2357 ⁴
287 2303 483 2354 παῦσαι
509 2302 599 2368 τῆς
624 2295 923 2368 βασιληΐης.
967 2301 1399 2371 κατειργασμένου
1421 2300 1480 2353 δέ
1492 2302 1542 2353 οἱ
1561 2299 1768 2361 τούτου,
1795 2304 1884 2356 καὶ

288 2377 461 2433 ε’όντος
480 2378 703 2447 ἑτοίμου,
723 2376 856 2431 οὕτω
875 2378 934 2447 ὃν)
956 2383 1028 2451 τῷ
1054 2377 1205 2450 Κύρῳ
1226 2378 1532 2451 διαιτωμένῳ
1550 2378 1604 2431 ἐν
1629 2380 1884 2448 Πέρσῃσι

286 2456 605 2523 Βουλόμενος
642 2459 672 2508 ὁ
710 2453 975 2528 Ἅρπαγος
1015 2458 1245 2523 δηλῶσαι
1285 2456 1378 2525 τὴν
1417 2459 1608 2510 ἑωυτοῦ
1645 2457 1880 2527 γνώμην,
