1975 2892
225 46 342 103 316
811 56 1216 103 ΗΡοΔοΤοΥ

1528 118 1607 159 [Α.
1626 119 1674 157 0.
1694 129 1730 157 ο.
1750 117 1835 157 517.

227 172 460 236 διαβάντι
489 172 580 223 τὸν
609 169 950 241 Βορυσθένεα,
977 170 1081 223 άπὸ
1113 169 1388 237 θαλάσσης
1420 175 1647 240 πρῶτον
1682 176 1779 239 μὲν
1802 170 1831 238 ἡ

229 250 422 315 Ὑλαίη.
463 249 567 301 ἀπὸ
610 249 667 301 δέ
709 247 892 315 ταύτης
933 248 1037 301 ἅνω
1076 248 1303 323 οἰκέουσι
1343 246 1539 301 Σκύθαι
1582 272 1831 320 γεωργοι,

229 328 350 382 τοὺς
365 326 620 393 Ἕλληνες
645 328 696 378 οἱ
721 327 973 381 οἰκέοντες
1012 327 1097 380 ε’πὶ
1122 347 1193 399 τω
1210 325 1389 378 Ὑπάνι
1420 333 1654 399 ποταμώ
1682 327 1834 380 καλέ-

231 427 354 459 ουσι
389 399 804 475 Βορυσθενεΐτας.
845 405 1017 473 σφέας
1047 406 1104 458 δὲ
1140 404 1341 464 αὐτοὺς,
1381 402 1831 468 Ὀλβιοπολίτας.

195 481 376 546 ,οὗτοι
411 482 481 537 ὃν
515 484 564 535 οἱ
589 483 810 553 γεωργοὶ
845 481 1031 535 Σκύθαι
1064 482 1313 549 νέμονται,
1340 484 1401 534 τὸ
1440 483 1538 549 μὲν
1576 486 1724 553 πρὸς
1748 484 1836 550 τὴν

237 561 322 623 ἕο,
353 562 437 615 ε’πι
469 563 606 631 τρεῖς
635 560 821 631 ἡμέρας
855 562 999 621 ὁδοῦ,
1028 559 1326 627 κατήκοντες
1362 560 1447 613 ε’πὶ
1486 564 1740 629 ποταμὸν
1769 564 1837 613 τῶ

237 643 430 709 οὕνομα
467 642 624 693 κεῖται
662 640 1002 705 Παντικάπης·
1052 640 1113 690 τὸ
1152 639 1209 691 δὲ
1248 640 1375 708 πρὸς
1408 640 1585 709 βορῆν
1628 662 1835 709 ανεμον,

199 736 226 777 ⁸
239 722 406 773 πλόον
429 718 527 771 άνὰ
550 720 640 771 τὸν
665 716 1043 788 Βορυσθένεα’
1018 714 1242 786 ημὲρέων
1277 716 1471 769 ἕνδεκα.
1517 716 1547 784 ἦ
1581 718 1645 770 δε
1685 715 1834 769 κατύ-

241 796 397 866 περθε
440 793 636 848 τούτων
676 795 858 865 ἐρῆμός
904 796 1019 848 ἐστι
1066 795 1149 847 ε’πὶ
1192 796 1411 847 πολλόν.
1454 796 1591 862 μετὰ
1643 797 1703 849 δε
1750 796 1839 862 τὴν

243 874 428 942 ερῆμον
453 870 802 944 ’Δνδροφάγοι
837 873 1082 933 οἰκέουσι,
1111 870 1310 927 ἔθνος’
1282 874 1365 925 εὸν
1390 869 1525 925 ἴδιον
1564 873 1658 925 καὶ
1686 874 1838 926 οὖδα-

203 967 230 1009 4
243 956 348 1021 μῶς
388 950 650 1004 Σκυθικόν.
708 953 769 1003 τὸ
812 952 868 1004 δὲ
913 950 1107 1003 τούτων
1152 948 1448 1021 κατύπερθε,
1502 950 1701 1020 ἐρῆμος
1748 953 1841 1019 ἤδη

245 1028 491 1097 ἀληθέως,
519 1030 604 1081 καὶ
637 1028 782 1084 ἔθνος
807 1028 1087 1099 ἀνθρώπων
1122 1028 1287 1089 οὐδὲν,
1316 1027 1445 1081 ὅσον
1484 1028 1637 1096 ἡμεῖς
1672 1028 1839 1095 ἴδμεν.

162 1113 232 1167 19
246 1110 316 1163 Τὸ
361 1109 419 1161 δὲ
465 1106 596 1177 πρὸς
639 1108 732 1176 τὴν
777 1106 845 1159 ἕω
889 1112 1132 1175 γεωργῶν
1173 1105 1365 1160 τούτων
1410 1104 1669 1167 Σκυθέων,
1720 1107 1833 1160 δια-

247 1183 395 1279 βάντι
436 1183 527 1234 τὸν
563 1184 891 1250 Παντικάπην
935 1184 1180 1250 ποταμὸν,
1224 1183 1458 1251 Νομάδες
1504 1184 1603 1249 ἤδη
1651 1182 1841 1237 Σκύθαι

251 1281 498 1329 νεμονται,
525 1262 641 1312 οὔτε
659 1282 710 1313 τι
737 1261 1037 1330 σπείροντες
1062 1260 1226 1321 οὐδὲν,
1245 1264 1361 1313 οὔτε
1386 1261 1653 1329 ἀροῦντες·
1700 1262 1839 1333 4ψιλὴ

211 1360 236 1399 2
252 1340 308 1393 δε
351 1338 594 1410 δενδρέων
631 1341 776 1393 πᾶσα
807 1336 932 1406 αὕτη
973 1342 1060 1410 γῆ,
1100 1338 1237 1406 πλὴν
1281 1341 1372 1405 τῆς
1408 1336 1640 1406 Ὑλαίης.
1692 1362 1743 1392 οι
1786 1341 1842 1393 δὲ

254 1418 487 1485 Νομάδες
519 1415 658 1471 οὗτοι
692 1419 751 1470 τὸ
791 1420 921 1487 πρὸς
959 1418 1053 1485 τὴν
1086 1416 1170 1482 ἕω,
1198 1415 1425 1487 ἡμερέων
1456 1418 1736 1487 τεσσέρων
1761 1440 1843 1470 και

255 1496 374 1550 δεκα
413 1497 550 1557 ὁδὸν,
583 1497 812 1564 νέμονται
855 1498 1030 1566 χώρην
1061 1495 1452 1549 κατατείνουσαν
1486 1496 1575 1547 ἐπὶ
1608 1499 1865 1564 ποταμὸν,

159 1583 237 1637 20
257 1574 464 1645 Γέρρον.
670 1574 840 1643 Πέρην
865 1575 921 1627 δὲ
947 1578 1041 1626 τοῦ
1068 1574 1259 1647 Γέρρου
1284 1576 1442 1625 ταῦτα
1468 1573 1532 1640 δὴ
1559 1576 1627 1626 τὰ
1654 1572 1841 1627 καλεύ-

255 1674 380 1721 μενα
407 1650 661 1720 Βασιλῆῖά
695 1654 829 1713 ἐστι,
858 1654 938 1705 καὶ
966 1650 1151 1705 Σκύθαι
1177 1653 1227 1704 οἱ
1263 1651 1469 1722 ἄριστοί
1493 1673 1553 1703 τε
1580 1654 1668 1705 καὶ
1694 1656 1843 1706 πλεῖ·

259 1752 396 1792 στοι,
425 1732 508 1783 καὶ
533 1730 652 1785 τοὺς
685 1730 881 1785 ἅλλους
917 1731 1203 1798 νομίζον-τες
1230 1728 1423 1784 Σκύθας
1450 1727 1677 1785 δούλους
1707 1734 1843 1801 σφε-

214 1829 240 1868 2
260 1808 435 1879 τέρους
475 1804 617 1863 εἶναι.
661 1808 935 1877 κατήκουσι
975 1809 1031 1861 δὲ
1072 1806 1231 1868 οὗτοι,
1260 1809 1319 1859 τὸ
1354 1807 1448 1875 μὲν
1480 1810 1613 1877 πρὸς
1637 1830 1842 1877 μεσαμ-

257 1887 427 1957 βρίην,
459 1888 510 1941 ἐς
535 1888 626 1955 τὴν
650 1884 914 1958 Ταυρικῆν·
958 1888 1019 1938 τὸ
1054 1886 1111 1939 δὲ
1136 1887 1267 1955 πρὸς
1291 1883 1383 1954 ἦῶ,
1413 1886 1499 1939 ε’πί
1532 1908 1591 1938 τε
1616 1888 1839 1957 τάφρον,

261 1966 352 2032 τὴν
377 1964 437 2033 δὴ
465 1966 516 2017 οἱ
541 1966 596 2018 ἐκ
623 1971 724 2018 τῶν
749 1967 963 2034 τυφλῶν
992 1966 1252 2035 γενόμενοι
1280 1962 1494 2033 ὤρυξαν,
1524 1966 1609 2017 καὶ
1642 1966 1730 2019 ἐπὶ
1758 1968 1842 2033 τῆς

261 2045 440 2112 λίμνης
467 2044 555 2111 τῆς
577 2042 854 2112 Μαιήτιδος
879 2045 939 2097 τὸ
967 2043 1226 2112 ἐμπόρων,
1249 2044 1308 2095 τὸ
1335 2042 1571 2094 καλέεται
1592 2045 1838 2113 Κρημνοί·

216 2140 243 2181 ⁸
265 2124 326 2175 τὰ
373 2122 428 2175 δὲ
475 2122 638 2175 αὐτῶν
684 2120 958 2189 κατήκουσι
1002 2122 1085 2174 ἐπὶ
1126 2121 1354 2188 ποταμὸν
1386 2121 1588 2172 Τάναϊν.
1673 2123 1748 2173 Τὰ
1786 2124 1841 2174 δὲ

263 2198 542 2267 κατύπερθε
579 2200 708 2267 πρὸς
743 2201 908 2269 βορῆν
942 2198 1125 2267 ἄνεμον
1159 2204 1259 2250 τῶν
1292 2193 1588 2264 βασιληΐων
1613 2199 1842 2252 Σκυθέων

261 2274 486 2326 οἰκέουσι
527 2276 933 2345 Μελάγχλαινοι,
975 2276 1111 2329 ἄλλο
1158 2275 1319 2337 ἔθνος,
1348 2275 1428 2328 καὶ
1476 2276 1538 2328 οὐ
1580 2278 1840 2331 Σκυθικόν.

213 2362 238 2398 ι
262 2350 672 2418 Μελαγχλαίνων
697 2352 753 2403 δὲ
779 2354 839 2404 τὸ
866 2350 1167 2422 κατύπερθε,
1188 2353 1384 2421 λίμναι,
1414 2353 1497 2406 και
1523 2354 1713 2425 ε’ρῆμός
1734 2356 1846 2410 ε’στι

257 2419 553 2487 ἀνθρώπων,
583 2428 850 2480 κατ-ὅσονε
823 2432 965 2495 ημεΐς
990 2428 1154 2495 ἴδμεν.

155 2492 230 2542 21
343 2494 526 2547 Τάναϊν
570 2498 627 2549 δὲ
669 2498 901 2567 ποταμὸν
945 2501 1199 2567 διαβάντι,
1245 2499 1413 2557 οὗκέτι
1454 2504 1691 2570 Σκυθικὴ,
1730 2504 1847 2561 ἄλλ’
