1975 2892
251 116 288 172 8
827 127 1232 172 ΗΡοΔοΤοΥ

1464 184 1533 232 [Α.
1550 184 1595 222 0.
1616 182 1834 227 &fs—61⁷1

208 246 300 298 ίοῖ
331 243 542 314 ἀριθμὸν
579 242 636 310 ἓξ
671 240 888 313 χρύσεοι
918 242 1201 296 ἀνακέαται.
1286 243 1473 295 ἑστᾶσι
1509 243 1564 294 δὲ
1600 241 1741 293 οὗτοι
1777 242 1834 293 ἐν

197 347 200 355 ·
249 325 322 396 τῷ
353 321 633 392 Κορινθίων
665 322 923 394 θησαυρῷ,
956 321 1186 389 σταθμὸν
1216 322 1420 389 ἔχοντες
1446 316 1714 390 τριήκοντα
1738 321 1829 372 τά·

247 402 427 454 λαντα·
472 399 654 468 ἀληθέῖ
673 403 725 454 δὲ
751 403 896 472 λόγῳ
922 400 1210 472 χρεωμένῳ,
1234 400 1293 451 οὗ
1322 398 1602 469 Κορινθίων
1620 401 1713 451 τοῦ
1742 399 1830 464 δη-

247 480 437 547 μοσίου
463 479 607 531 ἐστὶν
633 482 661 532 ὁ
689 478 962 548 θησαυρὸς,
985 478 1124 531 ἀλλὰ
1153 478 1403 548 Κυψέλου
1422 480 1515 528 τοῦ
1534 475 1828 530 Ἠετίωνος.

210 569 234 609 6
251 556 412 612 Οὗτος
441 557 495 610 δὲ
518 560 546 610 ὁ
573 555 754 628 Γῦγης,
777 563 978 627 πρῶτος
1004 559 1283 628 βαρβάρων
1303 561 1404 608 τῶν
1428 553 1568 622 ἡμεῖς
1594 552 1755 622 ἵδμεν,
1780 555 1833 610 ές

249 635 493 705 Δελφοὺς
529 635 736 702 ἀνέθηκε
770 633 1079 702 ἀναθήματα,
1108 635 1237 702 μετὰ
1272 634 1439 700 Μίδην
1463 634 1554 685 τὸν
1588 633 1829 704 Γορδίεω,

207 713 471 784 6Φρυγίης
506 713 754 777 βασιλέα.
837 713 1047 780 ἀνέθηκε
1080 713 1181 784 γὰρ
1208 712 1269 780 δὴ
1298 713 1379 765 καὶ
1416 711 1583 777 Μίδης
1616 713 1705 764 τὸν
1729 714 1829 775 βα-

250 791 458 858 σιλήϊον
490 790 688 862 θρόνον,
720 793 772 846 ἐς
797 793 888 844 τὸν
915 790 1234 862 προκατίζων
1266 791 1477 854 ἐδίκαζε,
1508 789 1655 842 ἐόντα
1686 790 1829 856 ἀξιο-

195 893 200 898 ·
249 869 448 935 θέητον.
519 873 674 922 κεῖται
697 871 752 923 δὲ
773 873 802 922 ὁ
831 869 1013 940 θρόνος
1034 867 1181 924 οὗτος
1202 868 1321 922 ἔνθα
1345 890 1442 939 περ
1464 869 1513 922 οἱ
1538 871 1631 920 τοῦ
1658 866 1831 938 Γύγεω

209 952 233 995 7
251 949 507 1016 κρητῆρες.
573 951 600 1000 ὁ
623 949 678 1000 δὲ
703 950 902 1018 χρυσὸς
921 947 1070 1002 οὗτος
1090 949 1171 1000 καὶ
1193 951 1221 1000 ὁ
1241 947 1478 1018 ἄργυρος,
1502 948 1593 999 τὸν
1612 950 1639 999 ὁ
1667 944 1834 1017 Γύγης

249 1024 474 1092 ἀνέθηκε,
508 1025 607 1078 ὑπὸ
650 1028 875 1096 Δελφῶν
913 1029 1147 1081 καλέεται
1187 1027 1417 1095 Γυγάδας
1456 1025 1539 1078 ε’πὶ
1578 1028 1670 1076 τοῦ
1711 1025 1831 1077 ἀνα-

207 1108 232 1148 8
250 1102 422 1158 θέντος
444 1103 742 1172 ἐπωνυμίην.
788 1104 1046 1168 Ἐσέβαλε
1071 1103 1163 1172 μέν
1190 1125 1277 1156 νυν
1298 1103 1541 1174 στρατιὴν
1561 1103 1641 1155 καὶ
1662 1101 1831 1166 οὗτος,

249 1180 362 1233 ἐπεί
386 1203 442 1233 τε
473 1179 614 1251 ἦρξε,
644 1183 697 1237 ἔς
727 1204 784 1235 τε
818 1183 1053 1248 Μίλητον
1086 1183 1168 1234 καὶ
1196 1183 1247 1236 ἐς
1273 1179 1517 1252 Σμύρνην,
1549 1181 1630 1234 καὶ
1658 1184 1829 1234 Κολο-

205 1272 230 1312 9
249 1259 422 1326 φῶνος
437 1263 495 1312 τὸ
513 1260 646 1313 ἄστυ
666 1256 798 1313 εἷλε.
829 1260 949 1314 ἀλλ’
971 1261 1119 1314 οὐδὲν
1132 1261 1233 1331 γὰρ
1252 1259 1383 1330 μέγα
1399 1262 1551 1330 ἔργον
1569 1259 1655 1312 ἀπ’
1674 1260 1833 1313 αὐτοῦ

248 1336 381 1389 ἄλλο
410 1337 607 1408 ε’γένετο
639 1336 1053 1404 βασιλεύσαντος
1079 1340 1211 1392 δυῶν
1248 1338 1425 1391 δέοντα
1451 1339 1833 1408 τεσσεράκοντα

249 1415 380 1475 ἔτεα,
422 1421 603 1470 τοῦτον
640 1418 733 1485 μὲν
777 1415 1093 1490 παρήσομεν,
1136 1420 1363 1470 τοσαῦτα
1416 1417 1827 1484 ἐπιμνησθέντες.

153 1483 222 1534 15
247 1487 470 1560 Ἀρδυος
497 1491 552 1543 δὲ
578 1493 668 1542 τοῦ
695 1487 866 1560 Γύγεω
893 1491 1022 1558 μετὰ
1058 1487 1222 1560 Γύγην
1252 1489 1664 1554 βασιλεύσαντος
1698 1492 1823 1560 μνή-

107 1561 203 1642 ’ζῖὲζ
256 1589 356 1635 μην
391 1565 685 1636 ποιήσομαι.
741 1567 888 1622 οὗτος
927 1568 982 1620 δὲ
1027 1567 1272 1637 Πριηνέας
1306 1590 1362 1621 τε
1404 1565 1533 1632 εἷλε,
1565 1570 1617 1624 ἐς
1653 1571 1823 1638 Μίλη-

206 1654 229 1690 2
250 1648 337 1697 τόν
362 1667 418 1697 τε
444 1645 685 1709 ἐσέβαλε.
767 1645 851 1700 ε’πὶ
878 1643 1063 1698 τούτου
1090 1667 1145 1696 τε
1172 1644 1558 1716 τυραννεύοντος
1584 1650 1828 1720 Σαρδίων,

251 1720 516 1792 Κιμμέριοι
545 1723 604 1789 ἐξ
639 1721 798 1790 ἦθέων
825 1724 924 1776 ὑπὸ
960 1722 1191 1776 Σκυθέων
1225 1730 1326 1776 τῶν
1362 1727 1614 1792 Νομάδων
1644 1725 1827 1793 ε’ξανα-

203 1817 206 1820 ’
251 1801 482 1861 στάντες,
513 1801 751 1854 ἀπικέατο
787 1802 839 1856 ἐς
873 1802 965 1870 τὴν
999 1801 1201 1868 Ἀσίην,
1232 1803 1313 1855 καὶ
1349 1805 1530 1875 Σάρδις
1564 1807 1701 1874 πλὴν
1737 1810 1831 1876 τῆς

249 1877 555 1946 ἀκροπόλιος
582 1874 746 1932 εἷλον.

153 1951 228 2003 16
311 1949 532 2022 Ἀρδυος
576 1951 630 2004 δὲ
677 1950 1089 2015 βασιλεύσαντος
1129 1957 1239 2014 ἑνὸς
1286 1959 1461 2012 δέοντα
1504 1960 1812 2030 πεντήκοντα

104 2028 203 2112 2223:
241 2030 372 2092 ἔτεα,
406 2027 672 2095 ἐξεδέξατο
709 2031 994 2100 Σαδυάττης
1020 2036 1049 2086 ὁ
1076 2032 1316 2106 Ἀρδυος,
1346 2039 1428 2091 καὶ
1464 2038 1811 2101 ἐβασίλευσεν

202 2123 228 2161 2
245 2106 360 2158 ἔτεα
379 2105 616 2158 δυώδεκα·
657 2109 950 2162 Σαδυάττεω
979 2111 1052 2172 δὲ,
1074 2110 1375 2182 Ἀλυάττης.
1427 2117 1589 2172 Οὗτος
1616 2119 1671 2171 δὲ
1689 2127 1825 2174 Κυα-

243 2181 374 2250 ξάρῃ
405 2202 462 2234 τε
493 2188 565 2256 τῷ
591 2189 816 2252 ’Δηῖόκεω
848 2187 1085 2262 ἀπογόνῳ
1119 2191 1433 2261 ἐπολέμησε,
1464 2198 1543 2250 καὶ
1571 2195 1823 2266 Μήδοισι·

245 2259 549 2330 Κιμμερίους
575 2285 630 2316 τε
656 2263 713 2316 ἐκ
748 2267 838 2333 τῆς
862 2264 1043 2334 Ἀσίης
1068 2268 1317 2337 ἐξήλασε·
1379 2272 1607 2346 Σμύρνην
1640 2298 1697 2329 τε
1731 2279 1827 2345 τὴν

242 2335 342 2389 ἀπὸ
397 2341 712 2410 Κολοφῶνος
765 2344 1067 2399 κτισθεῖσαν
1106 2345 1239 2410 εἷλε,
1282 2350 1336 2406 ἐς
1389 2355 1714 2422 Κλαζομενάς
1764 2379 1824 2411 τε

201 2423 226 2464 8
243 2411 485 2477 ἐσέβαλε.
560 2419 660 2474 ἀπὸ
687 2421 778 2488 μέν
804 2445 892 2475 νυν
918 2423 1112 2480 τούτων
1138 2427 1229 2479 οὐκ
1257 2429 1324 2484 ὦς
1350 2429 1505 2496 ἤθελε
1531 2432 1819 2502 ἀπῆλλαξε,

202 2491 380 2544 uin&
405 2499 768 2563 προσπταίσας
799 2502 1054 2572 μεγάλως.
1139 2505 1278 2558 ἄλλα
1306 2509 1360 2562 δὲ
1388 2509 1513 2580 ἔργα
1539 2512 1821 2579 ἀπεδέξατο

153 2567 179 2620 1
192 2565 224 2626 7
242 2567 338 2622 ε’ὼν
355 2568 414 2622 έν
431 2575 492 2639 τῇ
520 2573 651 2644 ἀρχῇ
679 2577 1121 2650 ἀξιαπηγητότατα
1142 2585 1280 2639 τάδε.
1488 2587 1821 2660 Ἐπολέμησε
