1975 2892
225 94 340 150 360
811 107 1216 152 ΗΡοΔοΤοΥ

1450 164 1530 210 [Α.
1548 164 1599 202 c.
1620 164 1809 203 515-50r.

226 215 550 286 τιμωρήσειν·
601 218 631 269 6
667 218 723 271 δὲ
749 215 1091 288 Ἀγάθυρσος,
1121 216 1201 268 καὶ
1236 218 1460 284 Νευρὸς,
1494 218 1589 269 καὶ
1618 219 1803 286 Ἀνδρο-

227 296 414 364 φάγος,
459 296 541 347 καὶ
589 297 640 347 οἱ
686 301 788 348 τῶν
831 295 1243 364 Μελαγχλαίνων
1289 295 1369 346 καὶ
1417 293 1664 364 Ταύρων,
1709 296 1807 346 τάδε

191 371 451 439 ΒΣκῦθῃσι
477 373 826 441 ὑπεκρίναντο·
874 377 910 399 “
931 373 995 426 Εἰ
1021 373 1114 439 μὲν
1139 371 1205 439 μὴ
1234 371 1373 439 ὑμεῖς
1402 374 1527 424 ἔατε
1559 375 1615 424 οἱ
1644 377 1802 443 πρότε·

226 472 318 520 ρον
342 449 674 517 ἀδικήσαντες
699 451 908 517 Πέρσας
945 452 1027 502 καὶ
1066 450 1307 520 ἄρξαντες
1332 451 1603 516 πολέμου,
1636 450 1809 502 τούτων

229 529 456 595 δεόμενοι
491 533 596 582 τῶν
629 533 714 582 νῦν
751 528 953 587 δέεσθε,
982 526 1157 598 λέγειν
1189 549 1247 579 τε
1281 528 1343 580 ἂν
1368 526 1673 596 ἐφαίνεσθε
1712 528 1810 594 ἡμῖν

227 605 375 676 ὀρθὰ,
417 609 500 660 καὶ
538 603 679 675 ἡμεῖς
719 604 1113 666 ὑπακούσαντες,
1151 606 1311 658 τώυτὸ
1352 605 1414 658 ἂν
1456 606 1584 671 ὑμῖν
1628 605 1808 676 ἐπρήσ-

195 689 409 750 ίσομεν.
453 688 540 738 νῦν
574 684 630 737 δὲ
659 685 798 752 ὑμεῖς
833 705 888 736 τε
917 685 968 738 ἐς
1003 683 1095 751 τὴν
1122 683 1321 736 ἐκείνων
1348 683 1686 746 ἐσβαλόντες
1709 687 1811 753 γῆν,

231 761 354 813 ἄνευ
387 763 570 832 ἡμέων,
601 763 923 832 ἐπεκρατέετε
957 762 1222 832 Περσέων,
1252 761 1381 813 ὅσον
1412 763 1617 831 χρόνον
1646 763 1761 830 ὑμῖν
1791 764 1815 813 ὅ

229 838 346 893 θεὸς
395 841 687 909 παρεδίδου·
757 840 840 894 καὶ
879 841 1076 899 ἐκεῖνοι,
1120 839 1231 892 ἐπεί
1283 841 1454 908 σφεας
1494 839 1671 894 ὡυτὸς
1712 840 1817 894 θεὸς

191 916 430 986 Ιέγείρει,
469 917 560 984 τὴν
602 919 778 986 ὁμοίην
815 919 930 985 ὑμῖν
965 918 1289 971 ἀποδιδοῦσι.
1334 915 1476 985 ἡμεῖς
1512 917 1576 969 δέ
1618 921 1742 970 οὔτε
1774 939 1825 970 τι

228 996 344 1046 τότε
383 992 692 1064 ἦδικὴσαμεν
730 996 849 1051 τοὺς
887 996 1071 1065 ἄνδρας
1110 995 1319 1050 τούτους
1358 995 1523 1054 οὐδὲν,
1568 998 1697 1048 οὔτε
1738 999 1821 1048 νῦν

228 1075 468 1143 πρότεροι
493 1074 838 1143 πειρησόμεθα
865 1074 1098 1126 ἀδικέειν.
1128 1071 1238 1127 1Ἢν
1272 1073 1443 1141 μέντοι
1471 1072 1594 1139 ἐπίῃ
1626 1075 1714 1126 καὶ
1744 1075 1825 1127 ἐπὶ

228 1149 320 1216 τὴν
345 1149 606 1221 ἡμετέρην,
634 1153 763 1222 ἄρξῃ
789 1173 846 1204 τε
872 1151 1101 1212 ἀδικέων,
1131 1153 1213 1205 καὶ
1239 1150 1379 1218 ἡμεῖς
1414 1150 1474 1201 οὗ
1500 1151 1821 1218 πεισόμεθα.

193 1227 382 1298 σμέχρι
427 1229 484 1282 δὲ
529 1233 681 1282 τοῦτο
724 1227 926 1298 ἴδωμεν,
970 1231 1210 1296 μενέομεν
1253 1227 1372 1299 παρ’
1419 1227 1535 1295 ἡμῖν
1586 1229 1823 1284 αὐτοῖσι.

231 1306 366 1375 ἥκειν
389 1307 489 1378 γὰρ
515 1307 753 1374 δοκέομεν
778 1308 868 1361 οὔκ
895 1306 973 1361 ἐπ’
1000 1307 1154 1375 ἡμέας
1178 1307 1404 1379 Πέρσας,
1432 1305 1550 1359 ἀλλ’
1583 1306 1673 1360 ἐπὶ
1700 1307 1827 1362 τοὺς

230 1383 422 1440 niv-[ovs
447 1387 536 1452 τῆς
562 1385 752 1452 ἀδικίης
776 1381 1138 1453 γενομένους.”

105 1459 218 1514 120
308 1465 474 1514 Ταῦτα
520 1461 588 1518 ὣς
631 1461 989 1530 ἀπενειχθέντα
1042 1459 1289 1515 ἐπύθοντο
1328 1463 1378 1514 οἱ
1418 1459 1624 1525 Σκύθαι,
1667 1461 1828 1524 ἐβου-

231 1537 442 1594 λεῦοντο
483 1541 750 1610 ἰθυμαχίην
786 1540 878 1609 μὲν
915 1539 1161 1608 μηδεμίαν
1197 1537 1463 1594 ποιέεσθαι
1502 1541 1557 1592 ἐκ
1596 1543 1692 1592 τοῦ
1733 1541 1827 1610 ἐμ-

232 1617 438 1688 φανέος,
486 1619 562 1672 ὅτι
611 1618 672 1686 δή
716 1621 817 1686 σφι
863 1617 1006 1670 οὗτοί
1043 1640 1107 1688 γε
1148 1617 1411 1687 σύμμαχοι
1455 1618 1518 1670 οὗ
1562 1621 1825 1691 προσεγί-

233 1704 398 1744 νοντο·
444 1691 734 1758 ὑπεξιόντες
771 1693 844 1754 δὲ,
887 1693 967 1746 καὶ
1004 1691 1447 1759 ὖπεξελαῦνοντες,
1483 1695 1549 1746 τὸ
1588 1695 1823 1764 φρέατα,

231 1769 296 1821 τὸ
321 1769 610 1839 παρεξίοιεν
634 1770 796 1830 αὐτοὶ,
825 1771 906 1824 καὶ
936 1772 1028 1826 τὰς
1053 1769 1235 1841 κρήνας
1262 1774 1509 1841 συγχοῦν,
1540 1771 1635 1838 τὴν
1662 1773 1824 1839 ποίην

193 1859 288 1899 are
331 1847 386 1899 ἐκ
425 1849 515 1914 τῆς
557 1849 653 1918 γῆς
694 1848 962 1918 ἐκτρίβειν,
1002 1850 1149 1917 διχοῦ
1193 1849 1363 1917 σφέας
1408 1850 1683 1905 διελόντες.
1736 1851 1824 1903 καὶ

231 1926 360 1994 πρὸς
384 1925 476 1992 μὲν
501 1925 592 1992 τὴν
616 1925 736 1992 μίαν
773 1931 874 1980 τῶν
909 1927 1142 1997 μοιρέων,
1172 1929 1260 1994 τῆς
1293 1926 1570 1990 ἐβασίλευε
1597 1929 1819 1981 Σκώπα-

233 2022 334 2061 σις,
364 2003 717 2072 προσχωρέειν
741 2006 1081 2074 Σαυρομάτας·
1126 2002 1338 2058 τούτους
1368 2005 1461 2072 μὲν
1488 2005 1547 2072 δὴ
1575 2004 1817 2074 ὑπάγειν,

231 2077 294 2147 ἦν
319 2079 403 2133 ἐπὶ
427 2083 579 2132 τοῦτο
612 2082 859 2151 τράπηται
887 2085 914 2135 ὁ
943 2083 1167 2150 Πέρσης,
1199 2082 1281 2134 ἰθὺ
1307 2083 1549 2136 Τανάῖδος
1573 2088 1822 2150 ποταμοῦ

231 2159 368 2228 παρὰ
393 2158 484 2226 τὴν
510 2160 729 2226 Μαιῆτιν
767 2160 951 2226 λίμνην
989 2157 1392 2232 ὑποφεύγοντας·
1436 2160 1815 2216 ἇπελαῦνοντός

191 2248 216 2288 8
233 2257 287 2287 τε
325 2239 418 2289 τοῦ
456 2237 688 2305 Πέρσεω,
729 2237 959 2293 ἐπιόντας
1000 2239 1213 2292 διώκειν.
1275 2236 1399 2305 αὕτη
1441 2239 1535 2306 μέν
1574 2240 1680 2307 σφι
1717 2241 1813 2306 μία

229 2309 290 2375 ἦν
333 2316 486 2382 μοῖρα
531 2316 621 2381 τῆς
663 2309 960 2381 βασιληίης,
1007 2315 1281 2386 τεταγμένη
1327 2314 1515 2382 ταύτην
1555 2316 1647 2383 τὴν
1689 2318 1811 2370 ὁδὸν

223 2381 355 2455 ᾗπερ
381 2388 590 2456 εἴρηται.
635 2392 724 2445 τὰς
761 2391 814 2442 δὲ
843 2389 934 2443 δύο
960 2397 1063 2444 τῶν
1093 2387 1401 2457 βασιληίων,
1430 2391 1523 2459 τήν
1552 2415 1610 2445 τε
1647 2396 1805 2464 μεγά-

223 2463 340 2522 λην.
370 2466 459 2529 τῆς
476 2463 602 2534 ἦρχε
621 2465 965 2537 Ἰδάνθυρσος,
987 2471 1069 2522 καὶ
1094 2469 1185 2536 τὴν
1210 2470 1383 2539 τρίτην
1409 2471 1499 2536 τῆς
1525 2470 1807 2533 ἐβασίλευε

220 2533 452 2598 Τάξακις,
493 2541 849 2596 συνελθούσας
878 2545 928 2597 ἐς
970 2547 1153 2607 τώυτὸ,
1201 2547 1284 2599 καὶ
1331 2549 1575 2600 Γελωνῶν
1618 2569 1677 2600 τε
1724 2552 1805 2604 καὶ
