1975 2892
301 108 410 164 124
920 116 1328 163 ΗΡΟΔΟΤΟΥ

294 230 419 282 ὁδοῦ
444 228 546 281 ἀπὸ
572 224 694 296 ἦοΰς
718 228 848 298 πρὸς
868 228 1112 299 ἕσπέρην·
1153 230 1218 281 τὰ
1244 228 1300 282 δέ
1325 229 1457 299 πρὸς
1479 228 1574 297 τὴν
1598 224 1696 296 ἧῶ,
1727 230 1912 293 λιβα-

292 308 565 377 νωτοφόρα
609 306 765 358 αὐτοῦ
804 307 869 359 τὰ
906 307 1129 374 τέρματα
1167 302 1311 359 εἶναι.
1375 310 1528 359 τοῦτο
1563 307 1662 375 μέν
1701 328 1806 359 νυν
1845 308 1909 359 τὸ

256 383 413 454 δὸρος
438 387 640 437 τοιοῦτο
668 383 801 437 ἐστί.
885 386 955 437 Τὸ
988 386 1045 437 δὲ
1079 387 1210 455 πρὸς
1244 383 1444 454 Λιβύης
1469 387 1558 452 τῆς
1595 383 1908 455 Αἰγύπτου,

293 461 413 532 ὅρος
447 462 581 514 ἄλλο
618 462 853 532 πέτρινον
888 462 1058 523 τείνει,
1099 464 1154 516 ἐν
1189 466 1260 536 τῷ
1297 464 1350 515 αἶ
1385 462 1668 533 πυραμίδες
1705 464 1906 523 ἔνεισι,

292 540 494 613 ψάμμῳ
531 540 904 607 κατειλυμένον,
942 540 1214 609 τεταμένον
1246 541 1336 593 τὸν
1374 540 1528 593 αὐτὸν
1562 544 1772 610 τρόπον
1809 543 1909 593 τὸν

257 620 376 673 ικαὶ
402 622 493 671 τοῦ
518 617 765 688 Ἀραβίου
792 619 855 670 τὰ
873 620 1004 688 πρὸς
1029 617 1356 688 μεσαμβρίην
1381 617 1628 688 φέροντα.
1719 620 1802 671 Τὸ
1833 618 1908 671 ὧν

292 696 355 763 δὴ
398 696 498 750 ἀπὸ
532 695 921 757 Ἠλιουπόλιος,
960 696 1128 749 οὐκέτι
1165 697 1371 750 πολλὸν
1403 696 1613 767 χωρίον,
1649 697 1724 750 ὣς
1767 693 1906 749 εἶναι

292 772 572 844 Αίγύπτου·
622 773 742 827 ἀλλ’
784 772 914 827 ὅσον
952 796 1010 827 τε
1047 772 1274 845 ἡμερέων
1312 775 1578 845 τεσσέρων
1616 774 1904 827 ἀναπλόου

256 849 467 919 εστεινῆ
496 851 611 904 έστι
646 849 902 923 Αἴγυπτος
928 852 1106 906 ἐοῦσα.
1149 858 1252 905 τῶν
1285 852 1342 906 δέ
1377 852 1569 922 οὐρέων
1601 857 1714 905 τῶν
1751 852 1900 923 εἴρη-

292 929 457 997 μένων
494 931 553 982 τὸ
592 930 802 998 μεταξὺ,
831 931 1009 984 πεδιὰς
1045 932 1140 998 μὲν
1177 932 1265 1001 γῆ·
1309 930 1512 983 στάδιοι
1553 930 1608 983 δέ
1647 932 1902 998 μάλιστα

294 1006 494 1060 ε’δόκεόν
531 1029 619 1075 μοι
659 1004 803 1068 εἶναι,
844 1012 907 1075 τῇ
949 1010 1274 1062 στεινότατόν
1317 1006 1455 1069 ε’στι,
1497 1010 1788 1075 διηκοσίων
1837 1009 1900 1061 οὐ

292 1084 521 1145 πλείους,
551 1085 607 1137 έκ
644 1089 736 1139 τοῦ
771 1085 1021 1156 Ἀραβίου
1056 1089 1233 1157 οὔρεος
1267 1087 1322 1142 ές
1345 1087 1407 1139 τὸ
1443 1087 1671 1151 Λιβυκὸν
1699 1084 1897 1139 καλεῦ-

258 1178 463 1228 σμενον.
506 1163 566 1215 τὸ
593 1164 649 1216 δέ
676 1163 907 1217 ἐνθεῦτεν
941 1162 1082 1219 αὐτ-ις
1115 1164 1265 1235 εὐρέα
1299 1161 1557 1235 Αἴγυπτός
1591 1164 1734 1216 ἐστι.
1779 1165 1898 1217 Πέ-

244 1241 428 1308 9φυκε
462 1239 554 1307 μέν
579 1240 722 1307 νυνὴ
756 1243 899 1313 χώρη
927 1239 1052 1309 αὕτη
1087 1239 1240 1295 οὕτω.
1415 1240 1544 1295 Ἀπὸ
1581 1242 1638 1295 δὲ
1663 1240 1897 1295 ‘HM-ov·
1967 1252 1969 1275 ³

293 1320 477 1373 πόλιος
504 1317 556 1372 ές
582 1316 775 1386 Θήβας,
798 1321 913 1373 ἔστι
940 1320 1200 1375 ἀνάπλοος
1227 1320 1367 1373 ε’ννέα
1385 1318 1627 1391 ἡμερέων·
1675 1322 1900 1374 στάδιοι

295 1397 351 1449 δέ
378 1398 467 1464 τῆς
492 1397 633 1457 ὁδοῦ,
656 1395 899 1464 έξῆκοντα
919 1400 1002 1452 καὶ
1027 1398 1323 1451 ὀκτακόσιοι
1344 1399 1426 1451 καὶ
1451 1398 1894 1468 τετρακισχίλιοι,

259 1475 523 1543 2σχοίνων
547 1476 657 1531 ἑνὸς
682 1476 763 1529 καὶ
790 1476 1080 1547 ὀγδώκοντα
1107 1476 1306 1530 ἐόντων.
1351 1475 1494 1529 οὗτοι
1529 1476 1898 1543 συντιθέμενοι

295 1554 345 1605 ol
384 1554 583 1607 στάδιοι
622 1552 900 1625 Αἶγύπτου,
930 1556 990 1607 τὸ
1029 1554 1124 1623 μέν
1161 1556 1300 1625 παρὰ
1335 1554 1627 1614 θάλασσαν,
1656 1556 1756 1621 ἤδη
1795 1576 1894 1622 μοι
1970 1618 1971 1623 ¹

296 1630 378 1683 καὶ
402 1635 655 1702 πρότερον
688 1631 969 1700 δεδῆλωται
1005 1632 1082 1685 ὅτι
1111 1632 1394 1699 ἑξακοσίων
1428 1633 1487 1685 τέ
1509 1630 1628 1685 ἔστι
1653 1633 1896 1687 σταδίων
1970 1624 1971 1647 ’

297 1710 378 1762 καὶ
404 1710 725 1780 τρισχιλίων·
770 1710 899 1763 ὅσον
924 1710 983 1763 δέ
1008 1731 1058 1763 τι
1085 1711 1185 1763 ἀπὸ
1214 1710 1486 1777 θαλάσσης
1511 1710 1564 1765 ές
1597 1713 1893 1780 μεσόγαιαν

258 1803 283 1843 8
296 1788 447 1856 μέχρι
482 1788 695 1854 Θηβέων
728 1788 861 1847 ἐστὶ,
898 1788 1153 1855 σημανέω.
1206 1790 1408 1841 στάδιοι
1440 1789 1540 1859 γάρ
1573 1787 1680 1841 εἶσι
1714 1786 1892 1842 εἴκοσι

296 1864 379 1915 καὶ
432 1864 609 1917 ἑκατὸν
660 1866 740 1917 καὶ
786 1865 1152 1935 ἑξακισχίλιοι.
1212 1868 1272 1919 τὸ
1317 1867 1374 1920 δὲ
1419 1866 1520 1919 άπὸ
1565 1866 1782 1933 Θηβέων
1831 1868 1892 1922 ἐς

294 1940 665 2009 Ἐλεφαντίνην
716 1944 1022 2012 καλεομένην
1079 1947 1255 2005 πόλιν,
1311 1945 1512 1997 στάδιοι
1570 1944 1740 2013 χίλιοι
1795 1946 1892 1999 καὶ

298 2018 589 2071 ὀκτακόσιοι
614 2018 736 2073 είσί.

208 2100 281 2155 10
374 2095 567 2167 Ταύτης
607 2097 677 2152 ὧν
712 2099 805 2165 τῆς
838 2099 1009 2167 χώρης
1047 2098 1138 2163 τῆς
1177 2094 1438 2166 εἰρημένης
1479 2094 1510 2164 ἦ
1545 2097 1739 2166 πολλὴ,
1776 2120 1873 2153 κα-

294 2175 455 2246 τάπερ
496 2178 545 2230 οί
593 2176 721 2248 ἱρέες
758 2177 965 2245 ἔλεγον,
1016 2174 1185 2227 ἐδόκεε
1227 2174 1285 2227 δέ
1328 2175 1410 2227 καὶ
1436 2174 1570 2247 αὐτῷ
1612 2196 1700 2243 μοι
1739 2172 1875 2231 εἶναι

255 2269 281 2307 2
298 2249 561 2314 ἐπίκτητος
595 2249 943 2320 Αἰγυπτίοισι.
986 2257 1090 2305 τῶν
1124 2253 1226 2323 γὰρ
1265 2253 1456 2324 οὐρέων
1481 2258 1582 2305 τῶν
1607 2252 1889 2321 εἰρημένων

296 2331 396 2377 τῶν
430 2327 559 2395 ὑπὲρ
598 2329 812 2396 Μέμφιν
849 2332 1006 2381 πόλιν
1039 2330 1278 2397 κειμένων
1313 2332 1374 2384 τὸ
1413 2330 1606 2400 μεταξὺ
1637 2332 1886 2400 ἐφαίνετό

295 2420 383 2462 μοι
428 2397 555 2454 εἷναί
594 2423 711 2455 κοτε
750 2407 942 2459 κόλπος
982 2406 1274 2475 θαλάσσης,
1323 2409 1503 2480 ὥσπερ
1553 2431 1614 2480 γε
1655 2410 1722 2462 τὰ
1759 2412 1888 2482 περὶ

288 2470 452 2525 Ἴλιον
491 2479 572 2529 καὶ
609 2479 931 2550 Τευθρανίην,
966 2484 1050 2537 καὶ
1075 2482 1319 2553 Ἔφεσόν
1357 2508 1416 2539 τε
1457 2488 1540 2540 καὶ
1560 2488 1888 2558 ’Μαιάνδρου

296 2547 491 2601 πεδίον·
537 2554 673 2606 ὥστε
701 2552 827 2609 εἶναι
844 2561 1038 2629 σμικρὰ
1056 2566 1215 2616 ταῦτα
1239 2565 1522 2636 μεγάλοισι
1541 2566 1886 2635 συμβαλέειν.
