1975 2892
421 121 1127 169 MEAI'IOMENH.—lv.
1167 125 1396 174 ¹¹4·¹¹9·
1592 103 1706 156 359

114 191 188 230 Ol.
207 190 267 230 66.
289 188 422 229 2—68.
443 189 503 234 2.]
1304 210 1309 216 .

49 285 51 287 ,
69 251 80 257 ’
114 240 404 290 τελευτῶσι
449 239 652 307 γηραιαὶ
695 239 816 308 πρὶν
860 235 1142 305 γήμασθαι,
1192 237 1253 288 οὗ
1300 233 1566 304 δυνάμεναι
1612 237 1701 288 τὸν

51 315 58 320 ’
116 317 278 382 νόμον
305 315 578 382 ἐκπλῆσαι.

215 391 334 446 Ἐπὶ
387 390 576 444 τούτων
629 390 698 444 ὧν
749 395 848 442 τῶν
901 388 1309 456 καταλεχθέντων
1357 389 1536 442 ἐθνέων
1588 389 1704 444 τοὺς
1728 392 1835 444 118

113 469 374 534 βασιλέας
409 468 718 535 ἁλισμένους
756 467 1050 534 ἀπικόμενοι
1086 473 1186 519 τῶν
1212 466 1442 519 Σκυθέων
1469 469 1519 519 οἱ
1545 467 1697 538 ἅγγε-

114 550 227 606 λοι,
257 548 446 616 ἔλεγον
474 546 854 600 ἐκδιδάσκοντες
882 547 948 599 ὣς
976 549 1005 598 ὁ
1034 545 1257 615 Πέρσης,
1280 542 1453 612 ἐπειδή
1482 546 1531 596 οἶ
1558 546 1619 596 τὰ
1646 544 1702 598 ἐν

115 625 184 691 τῇ
211 623 400 696 ἠπείρῳ
421 625 480 690 τῇ
509 624 651 692 ἑτέρῃ
673 624 836 675 πάντα
857 623 1247 690 κατέστραπται,
1266 623 1498 694 γέφυραν
1526 621 1702 688 ζεύξας

112 700 206 755 ἐπὶ
245 706 315 775 τῷ
357 702 531 769 αὐχένι
571 704 662 753 τοῦ
691 704 984 771 Βοσπόρου,
1017 701 1290 766 διαβέβηκε
1330 699 1382 755 ἐς
1423 699 1571 767 τήνδε
1609 701 1701 768 τὴν

115 783 347 849 ἤπειρον·
393 780 573 841 διαβὰς
609 780 683 838 δέ,
714 780 796 831 καὶ
831 778 1318 848 καταστρεψάμενος
1346 777 1581 847 Θρήϊκας.
1609 799 1697 848 γε·

116 861 284 927 φυροῖ
307 859 533 924 ποταμὸν
547 854 777 927 Ἴστρον,
806 860 1125 923 βουλόμενος
1162 857 1243 908 καὶ
1279 857 1397 908 τάδε
1426 858 1587 909 πάντα
1616 854 1699 908 ὑπ’

118 938 292 1009 ἑωυτῷ
317 934 654 1002 ποιήσασθαι.
742 935 776 961 “
795 933 962 1002 Ὑμεῖς
999 933 1067 986 ὧν
1102 935 1276 1001 μηδενὶ
1311 937 1484 1006 τρόπῳ
1516 933 1573 986 ἐκ
1610 937 1700 986 τοῦ
1723 945 1747 985 2

118 1015 286 1083 μέσου
323 1012 588 1081 κατήμενοι
627 1008 884 1081 περιίδητε
924 1011 1079 1078 ἡμέας
1119 1011 1507 1082 διαφθαρέντας·
1564 1013 1703 1064 ἀλλὰ

119 1093 286 1144 τώυτὸ
324 1090 614 1158 νοήσαντες,
646 1091 952 1157 ἀντιάζωμεν
979 1092 1069 1142 τὸν
1095 1088 1319 1143 ἐπιόντα.
1365 1092 1527 1143 οὔκων
1551 1089 1696 1157 ποιή-
1723 1104 1748 1143 8

123 1192 246 1223 σετε
288 1173 462 1230 ταῦτα,
508 1167 648 1236 ἡμεῖς
692 1169 786 1235 μὲν
830 1169 1135 1235 πιεζόμενοι,
1180 1166 1210 1235 ἢ
1255 1167 1569 1238 ἐκλείψομεν
1611 1169 1702 1236 τὴν

119 1249 314 1318 χώρην,
345 1246 374 1314 ἢ
401 1247 653 1314 μένοντες,
683 1246 933 1314 ὁμολογίῃ
960 1245 1281 1315 χρησόμεθα.
1325 1247 1377 1298 τί
1399 1248 1499 1317 γὰρ
1526 1245 1696 1299 πάθω·
1724 1257 1749 1297 4

121 1348 234 1394 μεν,
264 1325 332 1393 μὴ
369 1325 699 1391 βουλομένων
733 1325 898 1390 ὑμέων
933 1324 1228 1391 τιμωρέειν;
1277 1322 1421 1391 Ὑμῖν
1458 1325 1511 1376 δέ
1556 1323 1703 1376 οὐδὲν

123 1403 212 1457 ἐπὶ
239 1401 400 1474 τούτῳ
429 1405 574 1455 ἔσται
601 1401 972 1470 ἐλαφρότερον.
1018 1401 1124 1468 ἥκει
1150 1401 1249 1471 γὰρ
1278 1403 1305 1452 ὁ
1324 1402 1530 1470 Πέρσης
1558 1402 1703 1454 οὐδέν
1724 1412 1749 1452 5

123 1503 174 1534 τι
201 1484 404 1548 μᾶλλον
431 1478 509 1533 ἐπ’
539 1479 692 1546 ἡμέας
719 1478 748 1546 ἢ
777 1480 838 1530 οὔ
875 1481 956 1531 καὶ
993 1478 1077 1531 ἐπὶ
1113 1479 1286 1545 ὑμέας·
1329 1480 1449 1530 οὐδέ
1474 1479 1522 1530 οἶ
1550 1501 1698 1531 κατα-

123 1559 313 1630 χρήσει
340 1558 492 1625 ἡμέας
520 1555 1007 1628 καταστρεψαμένῳ,
1039 1556 1202 1623 ὑμέων
1229 1555 1529 1625 άπέχεσθαι.
1572 1557 1703 1627 μέγα
1723 1566 1749 1606 6

126 1639 182 1690 δὲ
223 1638 339 1704 ὑμῖν
379 1640 550 1707 λόγων
589 1637 747 1688 τῶνδε
786 1633 1062 1704 μαρτύριον
1101 1633 1325 1703 ἐρέομεν·
1387 1634 1431 1685 εί
1476 1635 1577 1704 γὰρ
1624 1634 1701 1688 ἐπ’

126 1715 282 1782 ἡμέας
319 1713 535 1781 μούνους
575 1712 949 1783 ἐστρατηλάτεε
990 1715 1019 1764 ό
1059 1711 1285 1782 Πέρσης,
1327 1711 1574 1764 τίσασθαι
1615 1714 1703 1780 τῆς

125 1794 328 1862 πρόσθε
375 1790 693 1858 δουλοσύνης
744 1792 1080 1857 βουλόμενος,
1129 1793 1261 1859 χρῆν
1307 1789 1459 1842 αὐτὸν
1502 1792 1703 1843 πάντων

126 1876 228 1924 τῶν
268 1872 444 1922 ἄλλων
484 1870 816 1937 ἀπεχόμενον,
847 1866 979 1920 οὕτω
1022 1867 1145 1919 ἷέναι
1186 1866 1270 1920 ἐπὶ
1310 1867 1400 1934 τὴν
1439 1865 1699 1938 ἡμετέρην·

129 1951 210 2001 καὶ
238 1949 299 2001 ἂν
325 1945 512 2014 ἐδήλου
539 1949 686 2010 πᾶσι,
719 1947 785 2000 ὡς
813 1943 897 1999 ἐπὶ
925 1943 1117 1999 Σκύθας
1143 1942 1360 2007 ἐλαύνει,
1391 1946 1472 1997 καὶ
1500 1945 1590 1998 οὐκ
1621 1945 1704 2000 ἐπὶ

128 2028 246 2080 τοὺς
283 2027 494 2079 ἄλλους.
543 2029 629 2076 νῦν
656 2025 712 2077 δέ
748 2023 861 2076 ἐπεί
897 2045 952 2074 τε
988 2024 1212 2090 τάχιστα
1249 2025 1393 2090 διέβη
1430 2022 1579 2091 τήνδε
1616 2025 1703 2091 τὴν
1724 2032 1749 2075 ’1

126 2108 354 2174 ἤπειρον,
374 2104 491 2157 τοὺς
519 2102 615 2154 αἰεὶ
640 2101 875 2169 ἐμποδὼν
893 2102 1186 2170 γινομένους
1206 2100 1473 2171 ἡμεροῦται
1494 2104 1701 2156 πάντας·

128 2181 247 2236 τούς
286 2203 342 2233 τε
379 2181 438 2247 δὴ
477 2181 670 2234 ἅλλους
707 2181 814 2246 ἔχει
851 2178 932 2230 ὑπ’
964 2179 1133 2250 ἑωυτῷ
1162 2177 1397 2248 Θρήϊκας,
1428 2181 1508 2230 καὶ
1536 2180 1595 2246 δὴ
1626 2181 1705 2231 καὶ

128 2261 248 2314 τοὺς
283 2259 400 2326 ἡμῖν
435 2255 609 2311 ἐόντας
646 2257 1044 2325 πλησιοχώρους
1085 2253 1299 2309 Γέτας.”
1540 2261 1704 2309 Ταῦτα
1728 2255 1837 2309 119

131 2338 360 2391 Σκυθέων
396 2333 872 2406 ἐπαγγελλομένων,
903 2331 1244 2396 ἐβουλεύοντο
1286 2333 1334 2384 οἱ
1373 2335 1618 2398 βασιλέες
1659 2336 1707 2388 οἱ

129 2417 231 2469 ἀπὸ
279 2421 378 2467 τῶν
425 2413 609 2466 ἐθνέων
651 2413 871 2480 ἥκοντες·
935 2411 1019 2463 καί
1062 2413 1243 2479 σφεων
1286 2408 1615 2480 ἐσχίσθησαν
1656 2413 1707 2465 αἱ

128 2499 343 2562 γνῶμαι·
402 2496 431 2545 ὁ
473 2493 567 2560 μὲν
610 2492 710 2560 γὰρ
754 2490 1001 2550 Γελωνὸς,
1048 2490 1128 2541 καὶ
1176 2492 1203 2542 ὁ
1252 2491 1506 2551 Βουδῖνος,
1552 2491 1632 2544 καὶ
1678 2493 1747 2544 <52

133 2572 474 2642 Σαυρομάτης,
506 2570 632 2623 κατὰ
657 2569 819 2621 τῶυτὸ
845 2569 1124 2638 γενόμενοι,
1154 2567 1456 2622 ὑπεδέκοντο
1484 2566 1706 2637 Σκύθῃσι
