1975 2892
635 89 1017 136 Runa—1.
1046 97 1222 150 37-43·
1635 89 1707 143 21

139 157 202 196 01.
223 155 284 195 55.
299 154 440 194 1-58,
455 155 515 203 3.]

138 215 290 276 βεται
331 217 576 283 Κροῖσος·
633 208 759 264 ’(Ὠ·
791 213 902 273 παῖ,
945 212 1061 264 ἔστι
1106 213 1168 279 τῇ
1220 232 1284 279 με
1324 211 1477 279 νικᾷς,
1518 212 1723 282 γνώμην

139 290 443 359 ἀποφαίνων
470 291 588 361 περὶ
618 293 711 342 τοῦ
744 290 997 343 ἐνυπνίου.
1061 291 1129 345 ὣς
1166 288 1235 341 ὧν
1274 289 1585 357 νενικημένος
1621 290 1720 341 ὑπὸ

141 368 253 427 σέο,
281 371 664 438 μεταγινώσκω,
693 367 897 436 μετίημί
923 389 980 419 τε
1009 388 1073 419 σε
1107 367 1231 419 ἰέναι
1266 367 1349 420 ἐπὶ
1375 367 1467 434 τὴν
1500 363 1717 437 ἅγρην.”

221 446 384 502 Εἵπας
418 447 474 500 δὲ
505 448 667 498 ταῦτα
705 445 734 496 ὁ
777 443 1013 514 Κροῖσος,
1044 438 1420 508 μεταπέμπεται
1449 440 1539 491 τὸν
1569 437 1701 509 Φρύ-
1735 435 1811 490 41

137 543 208 592 γα
237 521 544 587 Ἀδρηστον,
577 521 860 592 ἀπικομένῳ
896 519 954 572 δέ
983 519 1033 571 οἱ
1060 517 1205 589 λέγει
1240 517 1377 568 τάδε·
1460 513 1703 582 *ιἈὸρη-

135 619 252 658 στε,
283 599 382 668 ἐγώ
419 620 484 650 σε
511 600 759 668 συμφορῇ
791 596 1152 668 πεπληγμένον
1186 597 1357 667 ἀχάρι,
1386 594 1479 663 τῆν
1510 616 1591 648 τοι
1628 597 1719 648 οὐκ

135 676 383 741 ὀνειδίζω,
407 675 640 745 ἐκάθηρα,
671 676 752 727 καὶ
778 674 987 728 οἰκίοισι
1014 675 1389 742 ὑποδεξάμενος
1416 675 1538 742 ἔχω,
1560 676 1715 743 παρέ-

132 776 247 822 χων
270 755 444 808 πᾶσαν
471 754 713 820 δαπάνην·
783 757 869 806 νῦν
898 752 966 805 ὦν
995 749 1253 824 (ὀφείλεις
1286 753 1405 823 γὰρ,
1436 752 1554 819 ἐμεῦ
1585 773 1712 821 προ·
1731 763 1760 804 2

132 829 447 899 ποιήσαντος
490 831 696 901 χρηστὰ
738 831 790 886 ἐς
832 832 913 890 σὲ,
955 831 1239 900 χρηστοῖσί
1278 853 1343 898 με
1384 825 1715 898 ἀμείβεσθαι)

134 907 348 978 φύλακα
381 910 561 964 παιδός
599 931 662 962 σε
688 913 780 961 τοῦ
808 909 930 977 ἐμοῦ
965 903 1157 978 χρηίζω
1192 908 1450 978 γενέσθαι,
1480 907 1532 962 ἐς
1558 907 1717 978 ἄγρην

134 985 463 1058 ὁρμεομένου·
533 984 600 1054 μῆ·
633 1008 764 1041 τινες
799 987 906 1039 κατ’
935 988 1056 1039 ὁδὸν
1092 989 1291 1041 κλῶπες
1327 989 1597 1056 κακοῦργοι
1633 985 1718 1037 ἐπὶ

134 1063 354 1132 δηλήσει
373 1064 606 1134 φανέωσι
627 1065 760 1132 ὑμῖν.
818 1066 948 1134 πρὸς
975 1064 1029 1117 δὲ
1051 1061 1234 1136 τούτῳ,
1257 1065 1338 1116 καὶ
1361 1063 1427 1117 σέ
1444 1084 1523 1115 τοι
1549 1062 1757 1132 χρεῶν8

133 1143 252 1196 ἐστι
279 1142 402 1195 ἴέναι
429 1142 547 1195 ἔνθα
573 1141 990 1212 ἄπολαμπρύνεαι
1016 1144 1155 1194 τοῖσι
1182 1143 1401 1212 ἔργοισι·
1462 1143 1719 1211 πατρώϊόν

130 1242 192 1273 τε
215 1221 318 1291 γάρ
345 1241 424 1272 τοι
445 1220 576 1280 ἐστὶ,
601 1221 681 1272 καὶ
699 1220 917 1289 προσέτι
936 1217 1078 1288 ῥώμη
1103 1215 1377 1289 ὖπάρχει.”
1542 1218 1713 1285 Ἀμεί-
1732 1223 1811 1276 42

127 1301 283 1363 βεται
310 1295 664 1368 ὁ”Αδρηστος“
713 1294 826 1349 “Ὠ
851 1300 1095 1362 βασιλεῦ,
1124 1297 1298 1352 ἄλλως
1332 1297 1425 1365 μὲν
1458 1298 1620 1367 ἔγωγε
1655 1296 1716 1348 ἂν

129 1377 225 1429 οὔκ
257 1379 346 1444 ἤῖα
379 1377 430 1431 ἐς
463 1375 652 1428 ἄεθλον
688 1377 902 1429 τοιόνδε·
972 1377 1090 1427 οὔτε
1124 1375 1225 1444 γὰρ
1264 1375 1507 1444 συμφορῇ
1545 1373 1716 1439 τοιῇδε

129 1453 444 1523 κεχρημένον
469 1453 606 1508 οἶκός
634 1453 748 1506 ἐστι
776 1454 828 1508 ἐς
853 1451 1098 1522 ὁμήλικας
1125 1451 1181 1504 εὖ
1207 1451 1540 1522 πρήσσοντας
1568 1450 1711 1510 ἴέναι,

129 1536 254 1585 οὔτε
280 1533 339 1584 τὸ
363 1530 652 1596 βούλεσθαι
678 1533 833 1601 πάρα·
896 1532 1141 1598 πολλαχῆ
1170 1550 1225 1581 τε
1253 1530 1315 1581 ἂν
1338 1525 1497 1596 ἴσχον
1524 1529 1711 1596 ἐμεωυ-

129 1612 245 1663 τόν.
297 1613 386 1662 νῦν
419 1610 492 1669 δὲ,
523 1609 633 1663 ἐπεί
667 1631 724 1661 τε
760 1610 829 1662 σὺ
873 1607 1129 1667 σπεύδεις,
1160 1608 1241 1659 καὶ
1284 1607 1362 1659 δεῖ
1393 1626 1473 1658 τοι
1507 1605 1711 1674 χαρίζει·
1732 1628 1759 1670 2

129 1687 281 1746 σθαι,
321 1684 548 1760 (ὀφείλω
581 1689 684 1758 γάρ
719 1709 784 1740 σε
818 1685 1127 1755 ἀμείβεσθαι
1161 1679 1490 1754 χρηστοῖσι.)
1525 1683 1717 1738 ποιέειν

129 1765 238 1832 εἰμὶ
275 1766 476 1833 ἑτοῖμος
501 1769 676 1818 ταῦτα.
719 1766 875 1818 παῖδά
910 1786 966 1816 τε
996 1765 1110 1823 σὸν,
1140 1765 1228 1816 τὸν
1256 1760 1567 1816 διακελεύεαι
1604 1763 1711 1830 φυ-

127 1845 376 1904 λάσσειν,
415 1840 646 1911 ἀπήμονα
685 1847 776 1896 τοῦ
813 1843 1188 1914 φυλάσσοντος
1228 1839 1411 1894 εἵνεκεν
1447 1841 1716 1911 προσδόκα

127 1942 214 1976 τοι
241 1917 674 1988 ἄπονοοπήσειν.”

213 1995 503 2051 Τοιούτοισι
547 1999 658 2052 ἐπεί
695 2020 752 2051 τε
795 1999 941 2056 οὗτος
969 2002 1227 2074 ἀμείψατο
1263 2005 1504 2072 Κροῖσον,
1546 2005 1703 2071 ἦῗσαν
1731 2007 1809 2060 43

131 2074 264 2144 μετὰ
302 2078 460 2127 ταῦτα
499 2075 820 2145 ἐξηρτυμένοι
856 2075 1047 2147 λογάσι
1085 2101 1143 2134 τε
1182 2079 1407 2146 νεηνίῃσι
1443 2083 1523 2132 καὶ
1564 2081 1699 2132 κυσί.

131 2154 429 2219 ἀπικόμενοι
457 2151 513 2204 δὲ
541 2153 592 2207 ἐς
618 2155 707 2206 τὸν
744 2156 1023 2220 Οὔλυμπον
1056 2155 1116 2207 τὸ
1144 2153 1278 2225 ὅρος,
1310 2155 1511 2222 ἐζήτεον
1540 2159 1599 2209 τὸ
1627 2159 1713 2222 θη·
1732 2175 1759 2217 2

131 2232 272 2301 ρίον·
353 2229 582 2300 εὑρόντες
618 2231 673 2283 δὲ
731 2233 812 2283 καὶ
844 2233 1179 2300 περιστάντες
1214 2233 1335 2285 αὐτὸ
1374 2231 1560 2304 κύκλῳ,
1596 2233 1717 2299 ἐση-

133 2309 384 2373 κόντιζον.
469 2307 588 2360 ἔνθα
624 2307 683 2374 δὴ
716 2311 744 2361 ὁ
781 2309 962 2375 ξεῖνος,
993 2309 1141 2364 οὗτος
1178 2309 1238 2376 δὴ
1267 2313 1295 2362 ὁ
1332 2310 1597 2378 καθαρθεὶς
1632 2313 1721 2362 τὸν

135 2388 320 2456 φόνον,
343 2387 645 2453 καλεόμενος
669 2387 725 2438 δὲ
739 2383 1052 2456 Ἀδρηστος,
1076 2387 1347 2451 ἀκοντίζων
1366 2389 1456 2439 τὸν
1484 2390 1598 2446 σῦν,
1628 2391 1719 2438 τοῦ

133 2464 230 2531 μὲν
257 2464 548 2533 ἁμαρτάνει,
577 2464 818 2534 τυγχάνει
846 2463 900 2515 δὲ
928 2467 1021 2516 τοῦ
1049 2464 1277 2533 Κροίσου
1304 2464 1502 2517 παιδός.
1572 2466 1601 2515 ὁ
1627 2463 1723 2530 μὲν

133 2541 200 2610 δὴ
234 2539 454 2608 βληθεὶς
477 2542 540 2608 τῇ
565 2539 724 2610 αἶχμῇ
751 2540 1011 2606 ἐξέπλησε
1044 2544 1137 2593 τοῦ
1172 2539 1370 2610 ὀνείρου
1396 2541 1487 2607 τὴν
1522 2537 1717 2608 φήμην.
