1975 2892
243 41 361 97 200
810 54 1216 98 ΗΡοΔοΤοΥ

1507 109 1644 158 [Α.ο.
1663 110 1824 149 1100-

117 157 230 220 147
319 164 461 219 Ὅσα
506 165 563 218 δὲ
601 161 653 218 οῗ
690 187 745 220 τε
792 165 947 218 ἄλλοι
993 164 1250 234 ἅνθρωποι
1295 165 1375 218 καὶ
1415 163 1690 234 Αἶγῦπτιοι
1727 166 1821 218 λέ-

247 265 421 312 γουσι,
464 243 827 313 ὁμολογέοντες
870 246 1010 296 τοῖσι
1053 244 1284 303 ἄλλοισι,
1332 243 1455 298 κατὰ
1495 241 1686 313 ταύτην
1729 245 1826 314 τὴν

246 324 420 393 χώρην
457 321 718 393 γενέσθαι,
757 321 895 375 ταῦτ’
932 322 1028 389 ἤδη
1073 322 1286 390 φράσω·
1341 323 1634 392 προσέστω
1681 322 1741 374 δέ
1783 342 1836 373 τι

206 400 448 454 ἀὐτοῖσι
475 399 556 453 καὶ
582 401 672 467 τῆς
697 399 819 467 ἐμῆς
844 398 1020 470 ὄψιος.
1069 398 1527 468 Ἐλευθερωθέντες
1554 397 1836 470 Αἰγύπτιοι

244 478 373 546 μετὰ
414 479 503 530 τὸν
546 478 655 546 ίρέα
696 481 787 530 τοῦ
824 475 1128 546 Ἡφαίστου
1167 475 1574 542 βασιλεύσαντα,
1615 476 1834 542 (οὐδένα

245 556 347 626 γὰρ
391 558 580 626 χρόνον
618 551 720 608 οἶοί
756 576 815 607 τε
854 553 989 621 ἦσαν
1027 554 1144 607 ἄνευ
1189 555 1440 618 βασιλέος
1481 553 1832 622 διαιτᾶσθαι,)

248 632 539 700 ἐστήσαντο
582 633 805 686 δυώδεκα
848 632 1121 696 βασιλέας,
1167 633 1392 686 δυώδεκα
1431 631 1616 699 μοίρας
1663 633 1834 685 δασά-

208 720 234 761 ⁸
248 731 390 778 μενοι
429 708 689 778 Αἴγυπτον
731 711 923 762 πᾶσαν.
980 709 1124 762 οὗτοι
1164 710 1430 780 ἐπιγαμίας
1470 711 1834 777 ποιησάμενοι,

250 788 577 850 ἐβασίλευον,
606 789 810 855 νόμοισι
846 787 1046 840 τοισίδε
1070 789 1368 857 χρεώμενοι,
1395 786 1524 856 μῆτε
1549 787 1836 856 καταιρέειν

246 862 526 930 ἀλλήλους,
554 861 683 932 μῆτε
715 862 877 917 πλέον
900 885 951 916 τι
985 864 1223 931 δίζησθαι
1258 865 1396 934 ἔχειν
1421 866 1510 918 τὸν
1535 864 1716 934 ἕτερον
1739 868 1835 918 τοῦ

207 951 233 990 4
248 941 440 1011 ε’τέρου,
478 935 606 994 εἷναί
640 962 697 994 τε
731 941 925 1011 φίλους
962 943 1027 994 τὰ
1063 943 1314 1010 μάλιστα.
1370 944 1528 995 τῶνδε
1569 942 1624 994 δὲ
1668 939 1834 996 εἵνεκα

246 1018 365 1073 τοὺς
384 1021 567 1085 νόμους
592 1017 805 1075 τούτους
824 1021 1102 1085 ἐποιεῦντο,
1123 1020 1349 1090 ἰσχυρῶς
1375 1021 1830 1090 περιστέλλοντες·

248 1095 489 1166 ἐκέχρητό
530 1098 635 1166 σφι
676 1097 781 1150 κατ’
818 1097 981 1169 ἀρχὰς
1019 1098 1198 1151 αὐτίκα
1237 1097 1615 1166 ἐνισταμένοισι
1651 1098 1708 1152 ἐς
1742 1097 1837 1152 τὰς

246 1174 541 1244 τυραννίδας
572 1179 607 1202 “
626 1177 717 1228 τὸν
740 1176 935 1244 χαλκέῃ
964 1177 1131 1245 φιάλῃ
1169 1177 1459 1230 πείσαντα
1484 1175 1650 1228 αὐτῶν
1677 1175 1736 1228 ἐν
1760 1178 1835 1247 τῷ

250 1251 341 1323 ἱρῷ
376 1255 469 1304 τοῦ
494 1249 813 1320 Ἡφαίστου,
843 1257 1028 1306 τοῦτον
1063 1255 1266 1320 ἁπάσης
1300 1251 1642 1317 βασιλεύσειν
1669 1251 1831 1323 Alyb-

107 1329 221 1384 148
250 1326 438 1384 πτου.”
494 1330 546 1385 ἐς
587 1330 689 1400 γὰρ
734 1329 795 1397 δὴ
834 1330 898 1382 τὰ
935 1329 1099 1383 πάντα
1145 1331 1232 1399 ἱρὰ
1275 1326 1636 1399 συνελέγοντο.
1721 1329 1820 1382 Καὶ

250 1408 312 1478 δὴ
360 1410 465 1478 σφι
506 1409 806 1477 μνημόσυνα
850 1407 998 1472 ἔδοξε
1042 1405 1286 1462 λιπέσθαι
1333 1411 1492 1473 κοινῇ·
1553 1407 1715 1472 δόξαν
1761 1406 1820 1460 δέ

252 1487 375 1554 σφι,
414 1483 717 1551 ἐποιήσαντο
757 1481 1087 1554 λαβύρινθον,
1127 1484 1308 1554 ὀλίγον
1349 1485 1478 1555 ὑπὲρ
1511 1486 1604 1552 τῆς
1642 1485 1826 1553 λίμνης

250 1565 340 1629 τῆς
376 1563 607 1632 Μοίριος,
636 1562 763 1614 κατὰ
800 1562 1152 1631 Κροκοδείλων
1191 1562 1498 1629 καλεομένην
1533 1565 1694 1616 πόλιν
1731 1565 1828 1632 μά-

208 1640 410 1693 Ξλιστά
436 1661 495 1706 κη
534 1640 776 1707 κείμενον·
818 1640 907 1692 τὸν
947 1639 1047 1709 ἐγὼ
1089 1640 1182 1707 ἥδη
1221 1637 1333 1693 ’ίδον
1372 1642 1534 1710 λόγου
1574 1641 1730 1708 μέζω.
1786 1640 1830 1693 εἶ

248 1719 349 1786 γάρ
387 1739 465 1771 τις
504 1718 567 1769 τὰ
608 1717 665 1783 ἐξ
690 1714 953 1784 Ἑλλήνων
988 1717 1162 1785 τείχεά
1197 1738 1253 1769 τε
1290 1717 1372 1770 καὶ
1397 1719 1561 1788 ἔργων
1587 1718 1830 1785 ἀπόδεξιν

250 1794 649 1864 συλλογίσαιτο,
678 1794 975 1848 ἐλάσσονος
1006 1796 1166 1848 πόνου
1192 1816 1247 1847 τε
1275 1795 1337 1848 ἂν
1363 1796 1446 1848 καὶ
1471 1796 1694 1862 δαπάνης
1721 1801 1826 1865 φα-

250 1870 353 1936 νείη
382 1869 527 1924 ἐόντα
553 1874 645 1924 τοῦ
669 1871 985 1942 λαβυρίνθου
1014 1870 1215 1926 τούτου·
1253 1872 1337 1924 καί
1362 1894 1444 1925 τοι
1467 1873 1746 1943 ἀξιόλογός
1768 1897 1828 1944 γε

252 1947 331 2000 καὶ
367 1948 397 1998 ὁ
435 1948 488 2000 ἐν
513 1947 729 2020 Ἐφέσῳ
765 1949 881 2002 ἐστὶ
921 1951 1054 2016 νηὸς,
1085 1951 1166 2004 καὶ
1205 1952 1234 2002 ὅ
1276 1950 1330 2002 ἐν
1357 1952 1525 2021 Σάμῳ·
1569 1947 1704 2016 ἦσαν
1738 1950 1829 2019 μέν

250 2046 339 2077 νυν
364 2024 446 2076 καὶ
471 2026 523 2078 αῖ
549 2026 826 2095 πυραμίδες
849 2029 1015 2097 λόγου
1041 2027 1262 2095 μέζονες,
1293 2028 1374 2082 καὶ
1399 2029 1613 2082 πολλῶν
1639 2028 1826 2095 ἑκάστη

249 2102 439 2156 αὐτέων
462 2102 776 2169 Ἑλληνικῶν
802 2105 965 2174 ἔργων
993 2106 1073 2157 καὶ
1099 2107 1338 2175 μεγάλων
1363 2105 1588 2172 ἀνταξίη·
1625 2109 1654 2158 ὁ
1682 2107 1740 2160 δὲ
1767 2107 1825 2173 δὴ

206 2191 232 2232 8
250 2178 561 2248 λαβύρινθος
607 2181 688 2233 καὶ
734 2182 824 2235 τὰς
868 2183 1154 2251 πυραμίδας
1198 2183 1534 2252 ὑπερβάλλει.
1591 2186 1682 2236 τοῦ
1729 2185 1824 2254 γὰρ

250 2257 473 2308 δυώδεκα
510 2257 603 2325 μέν
641 2256 746 2309 εἶσι
790 2258 944 2310 αὐλαὶ
987 2261 1312 2330 κατάστεγοι,
1355 2259 1624 2313 ἀντίπυλοι
1661 2261 1821 2329 ἀλλή-

248 2332 395 2394 λῃσι,
426 2331 483 2397 ἓξ
507 2334 601 2399 μὲν
625 2335 754 2402 πρὸς
778 2334 968 2405 βορέω,
1000 2335 1059 2402 ἓξ
1088 2337 1143 2390 δὲ
1171 2339 1300 2408 πρὸς
1327 2340 1474 2392 νότον
1498 2338 1825 2408 τετραμμέναι

254 2409 509 2472 συνεχέες·
554 2412 729 2476 τοῖχος
764 2410 819 2464 δὲ
857 2411 1048 2477 ἔξωθεν
1083 2417 1112 2465 ὁ
1151 2415 1302 2469 αὐτός
1341 2415 1512 2483 σφεας
1552 2415 1824 2486 περιέργει.

206 2477 233 2514 4
250 2474 491 2540 οἰκήματα
516 2482 560 2533 δ’
587 2483 756 2536 ἔνεστι
783 2487 959 2552 διπλᾶ,
990 2490 1054 2541 τὰ
1079 2492 1190 2557 με’ν,
1221 2491 1458 2562 ὑπόγαια,
1486 2493 1551 2544 τὰ
1575 2493 1653 2554 δὲ,
1677 2494 1821 2560 μετέ-
