1975 2892
591 127 753 176 VITA
791 127 1100 176 HOMERI.
1608 128 1641 182 7

111 243 230 295 αὐτοῦ
267 241 340 296 καὶ
378 242 441 295 τὰ
488 243 704 309 δόξαντα
743 249 806 311 τῇ
849 245 1037 312 βουλῇ.
1094 242 1153 296 ‘0
1202 242 1245 296 δ’
1288 243 1355 299 ὥς
1401 246 1639 313 ἤκουσεν,

106 322 385 392 ε’συμφόρηνέ
408 344 463 375 τε
495 324 574 376 καὶ
601 323 744 394 λέγει
770 325 834 376 τὰ
859 324 982 377 ἔπεα
1010 323 1149 376 τάδε·

169 436 196 460 “
210 432 287 496 Οἵῃ
307 433 354 492 μ’
377 433 484 496 αἴσῃ
509 436 628 482 δῶκε
649 433 806 496 πατὴρ
827 433 941 483 Ζεὺς
962 432 1115 497 κύρμα
1134 433 1372 494 γενέσθαι,

199 497 368 554 Νήπιον
390 495 562 555 αἰδοίης
585 498 661 546 ἐπὶ
682 497 881 556 γούνασι
901 499 1075 560 μητρὸς
1098 497 1339 555 ἀτάλλων.

195 557 251 608 ‘H
271 563 373 608 ποτ’
403 560 684 624 ἐπύργωσαν
703 567 857 626 βουλῇ
881 563 993 612 Διὸς
1014 562 1250 624 αἰγιόχοιο

197 626 302 674 Λαοὶ
323 624 565 688 Φρίκωνος,
587 623 778 688 μάργων
802 626 1078 690 ἐπιβήτορες
1097 627 1266 685 ἵππων,

197 688 466 751 Ὀπλότεροι
487 693 711 752 μαλεροῖο
735 691 876 749 πυρὸς
897 693 1130 753 κρίνοντες
1143 691 1310 748 Ἄρηα,

197 754 386 803 Αἰολίδα
407 753 622 817 Σμύρνην
642 753 918 814 ἆλιγείτονα
934 754 1322 813 ποντοτίνακτον,

187 817 278 867 Ἦν
297 838 353 866 τε
373 821 428 866 δι’
455 818 643 880 ἀγλαὸν
663 818 784 868 εἶσιν
806 821 924 880 ὕδωρ
947 821 1092 883 ἱεροῖο
1114 820 1351 877 Μέλητος.

185 875 352 932 Ἐνθεν
373 881 686 946 ἀπορνύμεναι
708 885 869 947 κοῦραι
893 885 1020 942 Διὸς,
1045 884 1207 944 ἀγλαὰ
1226 883 1385 942 τέκνα,

191 945 453 1004 Ἢθελέτην
475 950 666 1005 κληῗσαι
689 951 792 996 δῖαν
811 947 966 1010 χθόνα
987 949 1063 996 καὶ
1085 947 1227 996 πόλιν
1246 949 1441 1013 ἀνδρῶν·

191 1013 252 1061 Οἱ
273 1013 310 1060 δ’
333 1009 668 1070 ἆπανηνάσθην
689 1013 816 1074 ἱερὴν
838 1012 942 1070 ὄπα,
965 1015 1111 1074 φῆμιν
1134 1013 1302 1070 ἀοιδῆς,

187 1076 437 1140 Ἀφραδίῃ·
468 1080 566 1124 τῶν
583 1075 672 1136 μέν
690 1096 747 1125 τε
769 1078 926 1126 παθών
945 1095 1021 1126 τις
1038 1075 1305 1140 φράσσεται
1326 1077 1470 1136 αὖτις,

175 1141 271 1190 Ὃς
292 1151 408 1202 σφιν
430 1139 708 1203 ὄνειδείῃσιν
729 1143 840 1201 ἐμὸν
861 1141 1117 1201 διεμήσατο
1138 1140 1333 1202 πότμον.

187 1209 322 1269 Κῆρα
343 1209 382 1252 δ’
409 1207 520 1264 ἐγὼ,
542 1206 632 1262 τήν
651 1225 729 1265 μοι
753 1205 856 1254 θεὸς
876 1209 1040 1254 ὤπασε
1058 1205 1311 1268 γεινομένῳ
1331 1225 1435 1272 περ,

182 1269 434 1330 Τλήσομαι
455 1268 696 1333 ἀκράαντα
718 1269 871 1333 φέρων
891 1270 1120 1328 τετληότι
1144 1274 1297 1331 θυμῷ·

187 1333 319 1384 Οὐδέ
337 1334 389 1382 τί
407 1353 488 1394 μοι
509 1335 631 1396 φίλα
652 1336 766 1395 γυῖα
785 1334 945 1395 μένειν
967 1336 1109 1397 ἱεραῖς
1132 1336 1184 1383 ἐν
1205 1335 1385 1395 ἀγυιαῖς

185 1398 352 1458 Κύμης
374 1397 656 1461 ὁρμαίνουσι,
679 1398 829 1460 μέγας
852 1397 906 1447 δέ
923 1418 983 1460 με
1008 1399 1145 1459 θυμὸς
1168 1399 1346 1459 ἐπείγει

181 1467 355 1524 Δῆμον
376 1464 425 1512 ἐς
447 1463 729 1512 ἀλλοδαπῶν
751 1463 866 1512 ἰέναι
889 1462 1058 1523 ὀλίγον
1077 1481 1165 1522 περ
1184 1462 1325 1512 ἐόντα
1334 1467 1406 1513 0.”

53 1573 200 1626 Μετὰ
245 1572 402 1624 τοῦτο
447 1571 842 1624 ἀπαλλάσσεται
883 1571 938 1623 ἐκ
979 1574 1069 1640 τῆς
1112 1568 1283 1638 Κύμης
1325 1571 1376 1626 ἐς
1416 1568 1641 1637 Φωκαίην
1658 1571 1718 1618 15

55 1651 308 1718 Κυμαίοις
352 1650 748 1719 ἐπαρησάμενος,
785 1649 970 1719 μηδένα
1008 1651 1219 1718 ποιητὴν
1256 1651 1461 1719 δόκιμον
1494 1650 1546 1702 ἐν
1581 1654 1641 1720 τῇ

51 1735 198 1801 χώρᾳ
227 1729 492 1800 γενέσθαι,
522 1729 667 1785 ὅστις
694 1731 946 1796 Κυμαίους
979 1731 1263 1802 ἐπαγλαῖεῖ.
1318 1729 1646 1796 Ἀπικόμενος

43 1812 86 1866 δ’
119 1812 178 1866 ἐς
209 1809 446 1877 Φωκαίην
471 1813 542 1882 τῷ
569 1811 703 1884 αὐτῷ
743 1813 914 1883 τρόπῳ
953 1811 1265 1874 ἐβιότευσεν,
1296 1811 1417 1866 ἔπεα
1458 1811 1645 1864 ἐνδεικ-

39 1893 266 1958 νύμενος
306 1891 364 1944 ἐν
401 1891 511 1943 ταῖς
543 1890 763 1958 λέσχαις
803 1890 1033 1956 κατίζων.
1107 1889 1196 1943 Ἐν
1244 1891 1298 1942 δὲ
1344 1895 1407 1958 τῇ
1447 1885 1646 1957 Φωκαίῃ

43 1975 238 2024 τοῦτον
266 1972 362 2022 τὸν
395 1970 584 2036 χρόνον
611 1969 926 2037 Θεστορίδης
953 1991 1030 2024 τις
1066 1966 1126 2036 ἢν
1160 1971 1431 2040 γράμματα
1466 1971 1645 2023 διδάσ-

37 2074 148 2104 κων
177 2049 308 2105 τοὺς
335 2048 538 2109 παῖδας,
567 2047 691 2118 ἀνὴρ
719 2049 779 2101 οὗ
805 2047 1043 2120 κρήγυος.
1118 2047 1447 2115 Κατανοὴσας
1475 2049 1530 2102 δὲ
1557 2052 1649 2100 τοῦ

53 2129 284 2202 Ομῆρου
311 2128 406 2197 τὴν
431 2128 642 2195 ποίησιν
665 2130 855 2198 λόγους
879 2125 1109 2183 τοιούσδ’
1140 2128 1273 2199 αὐτῷ
1312 2125 1649 2200 προσήνεγκε,

36 2213 150 2274 φὰς
180 2212 400 2278 ἕτοιμος
427 2202 552 2260 εἶναι
581 2207 874 2276 θεραπεύειν
913 2208 997 2261 καὶ
1028 2208 1239 2279 τρέφειν
1270 2208 1422 2261 αὐτὸν
1462 2207 1649 2260 ἀναλα-

36 2293 171 2350 debu,
221 2290 274 2344 εἶ
322 2287 495 2340 ἐθέλοι
537 2288 570 2340 ἅ
610 2309 672 2357 γε
711 2288 1021 2357 πεποιημένα
1064 2285 1137 2354 εἴη
1179 2286 1313 2358 αὐτῷ
1354 2290 1454 2339 τῶν
1494 2286 1654 2340 ε’πέων

41 2369 363 2440 ἰναγράψαι
389 2368 472 2420 καὶ
499 2366 648 2422 ἄλλα.
663 2373 822 2421 ποιῶν
846 2369 974 2437 πρὸς
1003 2368 1189 2420 ἑωυτὸν
1226 2365 1497 2435 ἀναφέρειν
1533 2365 1647 2418 αἰεί.

37 2451 114 2522 Γῷ
169 2449 220 2503 δ’
271 2444 490 2520 Ὁμήρῳ
536 2443 809 2500 ἀκούσαντι
862 2446 1008 2513 ἔδοξε
1054 2444 1263 2512 ποιητέα
1310 2441 1433 2499 εἶναι
1478 2449 1650 2499 ταῦτα·
1668 2453 1729 2500 16

35 2530 218 2598 τνδεὴς
249 2529 364 2600 γὰρ
391 2525 451 2594 ἦν
477 2531 577 2580 τῶν
603 2526 881 2596 ἀναγκαίων
908 2527 989 2578 καὶ
1027 2525 1309 2596 θεραπείης.
1366 2525 1657 2596 Διατρίβων

682 2656 700 2678 0
723 2649 846 2688 Hom.
864 2648 1009 2698 Epion
1026 2646 1063 2686 4.
