1975 2892
295 134 300 143 ,
591 64 1083 128 bAAEIA.--111.
1120 78 1289 130 16-21.
1614 76 1721 129 231

147 146 211 185 01.
233 146 293 185 63.
313 144 451 185 4—64.
473 144 530 192 8.]

153 205 240 257 ἐπὶ
275 206 396 258 τοὺς
429 204 610 258 παῖδας
645 204 764 260 τοὺς
807 205 1007 259 ἑωυτῶν
1046 208 1457 276 στρατευόμενοι.
1502 205 1746 258 Φοινίκων
1762 222 1786 262 3

153 282 211 335 δὲ
229 282 292 334 οὐ
305 282 654 349 βουλομένων,
673 284 723 335 οἱ
737 284 914 336 λοιποὶ
931 284 1024 335 οὐκ
1040 283 1309 352 ἀξιόμαχοι
1328 283 1573 355 ἐγίνοντο.
1606 292 1743 352 Καρ-

159 361 392 429 χηδόνιοι
416 360 510 427 μέν
537 381 624 412 νυν
650 358 782 414 οὕτω
820 358 1141 427 δουλοσύνην
1180 361 1427 432 διέφυγον
1452 364 1581 432 πρὸς
1607 370 1743 430 Περ-

163 437 319 492 σέων.
383 435 668 506 Καμβύσης
711 439 812 509 γὰρ
859 439 980 505 βίην
1023 439 1115 491 οὐκ
1162 439 1382 492 ἐδικαίου
1426 441 1788 509 προσφέρειν4

155 516 371 583 Φοίνιξι,
402 514 481 569 ὅτι
525 515 696 584 σφέας
727 538 784 570 τε
809 517 993 572 αὐτοὺς
1029 516 1341 570 ἐδεδώκεσαν
1374 516 1634 587 Πέρσῃσι,
1664 518 1747 569 καὶ

153 598 258 650 πᾶς
286 594 340 647 ἐκ
380 594 624 648 Φοινίκων
659 597 846 664 ἤρτητο
873 598 902 648 ὁ
931 596 1162 650 ναυτικὸς
1198 597 1437 665 στρατός.
1482 596 1654 649 δόντες
1689 595 1787 649 δὲὄ

157 674 242 726 καὶ
278 672 497 743 Κύπριοι
535 674 706 743 σφέας
740 673 923 729 αὐτοὺς
958 674 1219 744 Πέρσῃσι,
1259 670 1625 743 ἐστρατεύοντο
1666 670 1745 726 ἐπ’

156 749 435 823 Αἴγυπτον.
643 750 791 805 Ἐπεί
825 772 881 804 τε
909 753 964 805 δὲ
1002 757 1073 824 τῷ
1100 749 1357 820 Καμβύσῃ
1386 752 1441 804 ἐκ
1480 754 1570 819 τῆς
1595 747 1741 805 Ἐλε·
1766 754 1841 807 20

159 829 408 899 φαντίνης
450 828 692 883 ἀπίκοντο
739 831 788 882 οἷ
829 828 1186 901 Ἰχθυοφάγοι,
1236 831 1429 898 ἔπεμπε
1471 830 1653 885 αὐτοὺς
1694 831 1746 887 ἐς

156 908 279 963 τοὺς
317 907 583 969 Αἰθίοπας,
623 907 970 977 ἐντειλάμενος
1010 910 1074 961 τὰ
1112 908 1285 979 λέγειν
1323 908 1443 979 χρὴ,
1486 910 1567 962 καὶ
1608 909 1745 979 δῶρα

157 986 431 1057 φέροντας,
473 983 774 1057 πορφύρεόν
820 1008 876 1039 τε
918 983 1050 1056 εἷμα,
1095 987 1177 1039 καὶ
1222 985 1449 1057 χρύσεον
1493 988 1747 1057 στρεπτὸν

157 1064 531 1135 περιαυχένιον,
555 1065 637 1117 καὶ
656 1064 840 1135 ψέλια,
864 1066 945 1117 καὶ
961 1063 1125 1137 μύρου
1145 1066 1498 1136 ἀλάβαστρον,
1520 1066 1600 1117 καὶ
1621 1066 1743 1133 φοι-

160 1137 352 1210 νικηΐου
377 1139 518 1196 οἴνου
545 1144 716 1196 κάδον.
766 1144 828 1195 Οἱ
856 1144 912 1196 δὲ
939 1140 1180 1199 Αἰθίοπες
1205 1142 1364 1204 οὗτοι,
1396 1144 1447 1199 ἐς
1474 1143 1593 1199 τοὺς
1619 1142 1741 1196 ἇπέ-
1762 1150 1789 1193 2

157 1242 329 1289 πεμπε
363 1223 392 1273 ὁ
432 1218 735 1290 Καμβύσης,
762 1221 1003 1293 λέγονται
1031 1218 1155 1276 εἶναι
1189 1222 1427 1293 μέγιστοι
1454 1224 1536 1276 καὶ
1563 1223 1744 1275 κάλλι-

162 1320 284 1353 στοι
323 1297 602 1369 ἀνθρώπων
637 1301 859 1354 πάντων·
904 1302 1108 1369 νόμοισι
1150 1301 1206 1354 δὲ
1246 1301 1328 1353 καὶ
1368 1300 1583 1353 ἄλλοισι
1614 1302 1745 1369 χρᾶ-

163 1377 288 1431 σθαι
329 1374 514 1432 αὐτούς
547 1379 687 1446 φασι
723 1378 1151 1450 κεχωρισμένοισι
1190 1383 1293 1431 τῶν
1334 1378 1511 1430 ἄλλων
1550 1377 1743 1447 ἀνθρώ-

160 1476 293 1515 πων,
323 1456 405 1507 καὶ
431 1455 492 1523 δὴ
521 1457 603 1509 καὶ
629 1459 754 1510 κατὰ
780 1456 872 1525 τὴν
895 1451 1179 1523 βασιληίην
1206 1456 1400 1527 τοιῷδε·
1445 1457 1534 1508 τὸν
1561 1454 1623 1507 ἂν
1648 1460 1749 1509 τῶν

160 1526 338 1587 ἆστῶν
364 1533 574 1604 κρίνωσι
613 1533 860 1606 μέγιστόν
897 1555 953 1587 τε
992 1529 1135 1595 εἶναι,
1165 1535 1247 1587 καὶ
1288 1534 1412 1586 κατὰ
1438 1534 1499 1586 τὸ
1523 1531 1747 1604 μέγαθος

159 1613 302 1681 ἔχειν
326 1610 417 1679 τὴν
443 1612 617 1681 ἰσχὺν,
648 1616 830 1667 τοῦτον
855 1612 1063 1679 ἀξιοῦσι
1088 1610 1408 1677 βασιλεύειν.

251 1688 340 1745 Ἐς
377 1687 589 1746 τούτους
624 1691 685 1759 δὴ
723 1690 792 1744 ὧν
821 1692 940 1747 τοὺς
975 1690 1161 1762 ἄνδρας
1196 1692 1264 1746 ὧς
1298 1687 1536 1742 ἀπίκοντο
1563 1689 1612 1741 οἶ
1636 1684 1739 1757 Ἰχ-
1767 1694 1841 1747 21

173 1768 450 1839 θυοφάγοι,
493 1770 714 1824 διδόντες
751 1771 815 1823 τὰ
855 1771 993 1840 δῶρα
1031 1774 1102 1841 τῷ
1147 1767 1368 1834 βασιλέῖ
1401 1766 1582 1829 αὐτῶν,
1622 1768 1743 1821 ἕλε·
1858 1822 1865 1828 ,

161 1866 260 1916 γον
293 1845 434 1898 τάδε·
479 1850 516 1872 “
535 1846 790 1901 Βασιλεὺς
825 1849 854 1899 ὁ
882 1845 1130 1917 Περσέων
1157 1843 1459 1914 Καμβύσης,
1488 1848 1747 1914 βουλόμε-
1768 1860 1793 1901 2

163 1945 253 1978 νος
279 1922 442 1993 φίλος
466 1945 548 1976 τοι
585 1925 666 1977 καὶ
702 1924 864 1990 ξεῖνος
898 1924 1159 1992 γενέσθαι,
1188 1924 1343 1993 ἡμέας
1368 1946 1425 1977 τε
1451 1924 1747 1995 ἀπέπεμψε,

161 2000 219 2056 ἐς
243 2003 435 2071 λόγους
461 2023 541 2055 τοι
567 2000 738 2055 ἐλθεῖν
765 2000 1004 2063 κελεύων,
1034 2004 1115 2055 καὶ
1143 2004 1281 2074 δῶρα
1306 2005 1465 2057 ταῦτά
1491 2025 1569 2056 τοι
1597 2005 1747 2070 διδοῖ,

163 2082 306 2131 τοῖσι
353 2080 436 2132 καὶ
477 2080 629 2135 αὐτὸς
672 2082 904 2149 μάλιστα
948 2081 1121 2148 ἥδεται
1162 2078 1509 2151 χρεώμενος.”
1589 2081 1650 2133 ‘0
1694 2082 1792 2135 δέδ

165 2156 386 2224 Αἰθίοψ,
415 2157 589 2225 μαθὼν
625 2156 703 2210 ὅτι
740 2160 986 2211 κατόπται
1022 2158 1207 2225 ἥκοιεν,
1236 2161 1379 2229 λέγει
1414 2161 1544 2228 πρὸς
1570 2158 1753 2213 αὐτοὺς

164 2235 355 2287 τοιάδε·
395 2239 575 2289 σὈὔτε
603 2239 630 2289 ὁ
649 2236 896 2307 Περσέων
921 2235 1176 2299 βασιλεὺς
1203 2236 1341 2307 δῶρα
1368 2236 1521 2304 ὑμέας
1547 2236 1752 2305 ἔπεμψε

165 2315 439 2383 φέροντας,
468 2320 729 2384 προτιμῶν
755 2316 960 2367 πολλοῦ
989 2314 1103 2382 ἐμοὶ
1140 2314 1303 2380 ξεῖνος
1328 2312 1589 2384 γενέσθαι·
1635 2316 1753 2366 οὔτε

165 2392 310 2458 ὑμεῖς
334 2392 516 2463 λέγετε
536 2392 748 2459 ἀληθέα,
767 2392 913 2460 ἥκετε
931 2393 1033 2464 γὰρ
1054 2394 1298 2446 κατόπται
1320 2394 1407 2460 τῆς
1430 2392 1549 2460 ἐμῆς
1570 2391 1750 2461 ἀρχῆς.

165 2472 287 2522 οὔτε
313 2469 500 2525 ἐκεῖνος
527 2468 652 2540 ἆνὴρ
687 2470 806 2523 ἐστι
843 2470 1053 2526 δίκαιος·
1098 2470 1143 2523 εἶ
1177 2470 1279 2540 γὰρ
1315 2467 1377 2535 ἦν
1406 2470 1614 2531 δίκαιος,
1646 2468 1749 2523 οὔτ’
1770 2483 1796 2522 4

167 2548 231 2601 ἂν
271 2546 564 2616 ἐπεθύμησε
601 2550 774 2619 χώρης
813 2548 977 2616 ἄλλης
1017 2548 1048 2617 ἢ
1090 2550 1179 2616 τῆς
1218 2550 1429 2610 ἑωυτοῦ,
1459 2547 1565 2602 οὔτ’
1600 2549 1663 2603 ἂν
1702 2548 1756 2604 ἐς
