1975 2892
606 100 839 143 ΚΛΕΙΩ
860 108 981 144 -1.
1015 108 1190 159 94·97.
1617 92 1692 143 55

9 152 13 157 ’
92 163 169 208 [A.
186 164 233 201 c.
255 162 355 208 1003
380 163 442 201 οι.
462 161 525 204 17.
544 162 581 202 ι.
595 167 615 215 ]

93 217 227 270 τοὺς
268 216 497 286 Πέρσας,
526 216 655 287 ὅτεῳ
693 219 867 289 τρόπῳ
906 216 1166 287 ἡγήσαντο
1207 219 1298 284 τῆς
1322 216 1520 283 ῨΑσίης.
1603 217 1695 273 Ὧς

95 292 174 345 ὧν
219 292 470 363 Περσέων
513 294 833 364 μετεξέτεροι
877 296 1116 365 λέγουσι,
1165 297 1216 347 οἱ
1267 295 1336 363 μὴ
1383 297 1696 363 βουλόμενοι

94 374 335 439 σεμνοῦν
357 371 423 423 τὰ
456 372 574 440 περὶ
604 376 789 443 Κῦρον,
818 373 959 426 ἀλλὰ
995 374 1084 425 τὸν
1120 374 1268 425 ε’όντα
1301 374 1474 443 λέγειν
1508 376 1692 443 λόγον,

92 448 232 501 κατὰ
272 452 433 502 ταῦτα
469 450 681 519 γράψω·
741 451 1078 518 ἐπιστάμενος
1111 452 1230 520 περὶ
1258 448 1428 520 Κύρου
1462 451 1548 503 καὶ
1582 473 1692 520 τρι-

90 526 309 596 φασίας
344 527 510 582 ἄλλας
543 530 717 598 λόγων
742 528 892 583 ὁδοὺς
918 530 1100 597 φῆναι.
1180 527 1476 598 Ἀσσυρίων
1503 528 1732 597 ἀρχόν-8

90 627 205 658 των
252 606 347 672 τῆς
392 604 493 657 ἅνω
532 604 716 671 Ἀσίης
754 604 832 659 ἐπ’
874 608 989 659 ἔτεα
1035 604 1202 658 ε’ίκοσι
1242 606 1324 658 καὶ
1361 609 1691 666 πεντακόσια,
1706 616 1760 656 ab
1775 626 1840 657 ιιι.

90 688 303 752 πρῶτοι
330 682 417 736 ἀπ’
445 682 610 736 αὐτῶν
636 684 806 751 Μῆδοι
841 684 1062 753 ἤρξαντο
1100 682 1439 737 ἀπίστασθαι·
1486 682 1572 735 καί
1597 703 1696 738 κως
1721 674 1832 756 ἷρῧ.

92 760 250 815 οὗτοι
275 763 396 831 περὶ
430 763 521 828 τῆς
556 762 848 831 ἐλευθερίης
881 764 1232 830 μαχεσάμενοι
1270 763 1413 814 τοῖσι
1437 759 1690 830 Ἀσσυρί-
1705 764 1757 803 ⁸⁴¹
1774 775 1839 804 ⁸¹¹·

94 861 235 899 οισι,
265 839 500 910 ἐγένοντο
528 838 707 909 ἄνδρες
732 838 933 910 ἀγαθοί·
979 841 1062 892 καὶ
1088 839 1416 907 ἀπωσάμενοι
1453 839 1544 907 τὴν
1571 840 1690 891 δου-
1733 813 1815 855 '⁰⁹'

94 915 355 984 λοσῦνην,
384 915 828 988 ἠλευθερώθησαν.
863 918 992 984 μετὰ
1019 918 1076 970 δὲ
1100 915 1332 979 τούτους,
1355 919 1436 971 καὶ
1463 918 1527 969 τὰ
1552 917 1690 969 ἅλλα
1706 932 1732 972 4

96 997 255 1049 ἔθνεα
281 996 449 1049 ε’ποίεε
474 996 637 1049 τώυτὸ
664 998 804 1049 τοῖσι
832 994 1080 1062 Μήδοισι.
1148 994 1369 1049 Ἐόντων
1395 996 1451 1049 δὲ
1477 996 1690 1048 αὐτονό-

96 1096 217 1143 μων
250 1075 457 1127 πάντων
490 1073 585 1127 ἀνὰ
619 1073 711 1141 τὴν
745 1076 971 1143 ἤπειρον,
1003 1074 1102 1127 ὦδε
1135 1071 1276 1128 αὖτις
1309 1073 1362 1128 ές
1396 1072 1692 1143 τυραννίδας

98 1151 407 1222 περιῆλθον.
584 1150 739 1222 Ἀνὴρ
766 1151 821 1205 ἐν
846 1154 985 1204 τοῖσι
1013 1150 1242 1219 Μήδοισι
1269 1151 1470 1221 ἐγένετο
1498 1152 1688 1219 σοφὸς,
1707 1150 1786 1205 96

98 1233 179 1303 τῷ
222 1232 415 1298 οὔνομα
452 1227 515 1296 ἦν
541 1233 773 1296 Δηῒόκης,
804 1231 923 1284 παῖς
960 1230 1016 1282 δὲ
1050 1226 1113 1295 ἦν
1140 1232 1428 1301 Φραόρτεω.
1484 1227 1635 1282 οὗτος
1661 1230 1690 1281 ὁ

101 1309 345 1375 Δηῖόκης,
388 1307 623 1379 ἐρασθεὶς
667 1307 976 1378 τυραννίδος,
1021 1307 1190 1361 ἐποίεε
1228 1308 1418 1360 τοιάδε.
1501 1314 1689 1359 Κατοι·
1707 1321 1732 1360 2

103 1385 337 1453 κημένων
360 1390 463 1438 τῶν
489 1384 679 1453 Μήδων
713 1386 839 1439 κατὰ
875 1387 1060 1453 κώμας,
1091 1385 1146 1438 ἐν
1171 1387 1235 1453 τῇ
1271 1386 1460 1438 ἑωυτοῦ
1489 1384 1584 1435 ε’ὧν
1610 1379 1692 1437 καὶ

101 1465 362 1534 πρότερον
412 1464 636 1531 δόκιμος,
686 1464 769 1517 καὶ
818 1464 1024 1531 μᾶλλόν
1074 1484 1124 1515 τι
1178 1463 1260 1515 καὶ
1309 1460 1692 1531 προθυμότερον

105 1539 437 1609 δικαιοσῦνην
462 1541 753 1609 ε’πιθέμενος
778 1543 953 1608 ἤσκεε·
997 1542 1079 1594 καὶ
1104 1544 1263 1593 ταῦτα
1287 1539 1478 1608 μέντοι,
1507 1536 1693 1603 ἐούσης

107 1619 321 1687 ἀνομίης
344 1622 547 1687 πολλῆς
573 1619 667 1671 ἀνὰ
689 1622 864 1673 πᾶσαν
888 1618 980 1685 τὴν
1001 1618 1246 1684 Μηδικὴν,
1270 1616 1453 1677 ἐποίεε,
1478 1616 1688 1670 ἐπιστά-

106 1718 264 1765 μενος
296 1696 378 1750 ὅτι
410 1699 484 1770 τῷ
518 1697 693 1769 δικαίῳ
728 1698 789 1749 τὸ
823 1696 998 1749 ἄδικον
1022 1695 1270 1763 πολέμιόν
1296 1695 1430 1748 ε’στι.
1485 1695 1536 1747 οἱ
1564 1692 1607 1747 δ’
1637 1694 1692 1747 ἐκ

110 1776 205 1842 τῆς
242 1776 395 1843 αὐτῆς
434 1777 600 1843 κώμης
634 1776 822 1843 Μῆδοι,
853 1777 1070 1845 ὁρῶντες
1103 1774 1260 1827 αὐτοῦ
1293 1772 1413 1828 τοὺς
1449 1775 1688 1844 τρόπους,

112 1852 361 1921 δικαστήν
386 1874 473 1921 μιν
500 1855 700 1905 ἑωυτῶν
726 1853 975 1922 αἱρέοντο.
1032 1854 1061 1904 ὁ
1099 1852 1154 1905 δὲ
1191 1852 1271 1920 δὴ,
1301 1847 1385 1904 οἷα
1408 1853 1690 1920 μνεώμενος

109 1930 292 2001 ἀρχὴν,
323 1930 433 1986 ἰθύς
458 1953 516 1984 τε
540 1932 623 1985 καὶ
649 1931 841 1984 δίκαιος
864 1927 944 1996 ἦν.
987 1929 1175 1983 ποιέων
1199 1952 1256 1983 τε
1282 1933 1456 1991 ταῦτα,
1485 1931 1688 1983 ἔπαινον
1706 1942 1733 1983 ⁸

110 2004 223 2077 εἶχε
247 2010 338 2062 οὐκ
374 2010 555 2079 ὀλίγον
578 2010 707 2079 πρὸς
739 2013 841 2061 τῶν
865 2008 1136 2068 πολιτέων,
1165 2005 1298 2060 οὕτω
1337 2009 1473 2061 ὥστε
1498 2007 1688 2061 πυνθα-

112 2089 313 2154 νόμενοι
338 2088 389 2140 οἱ
415 2088 471 2140 ἐν
494 2090 617 2154 τῇσι
655 2086 854 2153 ἄλλῃσι
890 2087 1090 2153 κώμῃσι
1127 2086 1196 2140 ὥς
1221 2088 1436 2152 Δηῖόκης
1462 2082 1537 2151 ε’ίη
1565 2084 1690 2153 ἀνὴρ

109 2168 299 2233 μοῦνος
332 2166 459 2219 κατὰ
492 2167 553 2218 τὸ
588 2163 743 2233 ὀρθὸν
768 2164 1000 2227 δικάζων,
1028 2165 1280 2233 πρότερον
1303 2162 1690 2232 περιπίπτοντες

110 2242 337 2296 ἀδίκοισι
360 2244 613 2313 γνώμῃσι,
642 2244 759 2294 τότε
790 2241 902 2295 ἐπεί
936 2261 994 2291 τε
1028 2242 1270 2307 ἤκουσαν,
1298 2240 1511 2306 ἅσμενοι
1539 2237 1688 2305 ἐφοί-

110 2342 231 2373 τεον
254 2322 391 2391 παρὰ
416 2323 506 2373 τὸν
534 2321 747 2387 Δηῖόκεα
771 2318 855 2372 καὶ
880 2318 1026 2371 αὐτοὶ
1053 2317 1392 2383 δικασόμενοι·
1437 2316 1588 2369 τέλος
1615 2315 1689 2372 δὲ,

112 2399 281 2451 οὐδενὶ
306 2398 451 2471 ἄλλῳ
488 2398 850 2468 ἐπετράποντο.
1058 2397 1290 2448 Πλεῦνος
1325 2393 1380 2445 δὲ
1416 2391 1514 2445 αῖεὶ
1547 2413 1688 2462 γινο-
1707 2390 1788 2452 97

113 2476 267 2544 μένου
305 2480 397 2529 τοῦ
438 2475 839 2544 ἐπιφοιτέοντος,
875 2468 959 2526 οἶα
997 2471 1382 2537 πυνθανομένων
1421 2470 1510 2523 τὰς
1551 2470 1693 2525 δίκας

114 2554 411 2617 ἀποβαίνειν
438 2554 564 2607 κατὰ
590 2554 651 2605 τὸ
679 2552 778 2612 ε’ὸν,
806 2551 960 2622 γνοὺς
986 2554 1017 2603 ὁ
1044 2551 1257 2617 Δηῖόκης
1293 2548 1346 2601 ἐς
1381 2548 1566 2599 ἑωυτὸν
1591 2549 1692 2600 πᾶν
