1975 2892
670 412 1436 497 ‘HPOAOTOY

486 602 1042 671 ἸΣΤΟΡΙΩΝ
1120 613 1643 672 ΔΕΥΤΕΡΗ.

888 894 1265 941 ΕΥΤΕΡΠΗ.

152 1021 249 1053 mc.
362 1000 930 1047 ΤΕΛΕΥἹῊΣΑΝΤΟΣ
973 991 1030 1045 δὲ
1079 988 1265 1061 Κύρου,
1311 992 1584 1061 παρέλαβε
1629 991 1727 1060 τὴν
1767 994 1878 1057 βα-
1972 994 1975 1031 ἒ

154 1063 242 1104 ⁶²⁹·
282 1068 489 1138 σιληΐην
523 1070 823 1140 Καμβύσης,
862 1070 1036 1143 Κύρου
1071 1071 1167 1124 ἐὼν
1200 1074 1320 1127 παῖς
1355 1072 1438 1124 καὶ
1473 1071 1880 1137 Κασσανδάνης.

280 1152 370 1217 τῆς
404 1151 719 1220 Φαρνάσπεω
755 1148 1021 1221 θυγατρός·
1065 1152 1155 1218 τῆς
1189 1147 1668 1221 προαποθανούσης,
1699 1152 1884 1219 Κῦρος
1974 1202 1975 1225 ἶ

280 1229 431 1283 αὐτός
482 1249 540 1280 τε
589 1227 720 1299 μέγα
770 1226 955 1282 πένθος
1008 1225 1305 1296 ἐποιῆσατο,
1349 1228 1432 1281 καὶ
1469 1229 1610 1280 τοῖσι
1649 1226 1884 1279 ἄλλοισι

245 1308 495 1375 ἳπροεῖπε
529 1308 679 1365 πᾶσι,
717 1311 818 1357 τῶν
852 1303 1000 1376 ἦρχε,
1033 1306 1218 1361 πένθος
1255 1305 1543 1359 ποιέεσθαι.
1585 1302 1778 1371 ταύτης
1817 1306 1883 1358 δὲ

284 1386 375 1453 τῆς
398 1384 633 1455 γυναικὸς
661 1383 755 1436 ἐὼν
778 1386 896 1439 παῖς
924 1385 1007 1437 καὶ
1039 1382 1211 1455 Κύρου
1247 1383 1550 1451 Καμβύσης,
1566 1381 1753 1437 Ἴωνας
1779 1384 1885 1450 μὲν

284 1463 366 1516 καὶ
393 1462 607 1516 Αἶολέας
636 1462 702 1517 ὣς
739 1460 956 1517 δούλους
989 1457 1277 1533 πατρωΐους
1313 1462 1487 1517 ἐόντας
1523 1462 1741 1529 ἐνόμιζε·
1789 1461 1882 1514 ἐπὶ

284 1542 340 1595 δὲ
381 1537 639 1611 Αἴγυπτον
678 1540 902 1593 ἐποιέετο
940 1540 1342 1611 στρατηλασίην,
1377 1540 1572 1595 ἄλλους
1605 1561 1664 1592 τε
1701 1560 1880 1609 παρα-

282 1619 463 1683 λαβὼν
488 1625 589 1671 τῶν
614 1615 759 1688 ἦρχε,
790 1619 871 1671 καὶ
897 1618 958 1685 δὴ
987 1620 1069 1672 καὶ
1092 1617 1373 1686 Ἑλλήνων,
1403 1623 1504 1671 τῶν
1531 1618 1828 1688 ἐπεκράτεε.

234 1701 271 1752 2
403 1698 466 1750 Οἱ
513 1695 567 1748 δὲ
610 1692 896 1765 Αἰγύπτιοι,
942 1696 1068 1765 πρὶν
1110 1696 1204 1765 μὲν
1248 1694 1278 1765 ἢ
1321 1694 1644 1765 Ψαμμίτιχον
1687 1696 1884 1765 σφέων

289 1771 623 1832 βασιλεῦσαι,
648 1770 873 1837 ἐνόμιζον
900 1770 1118 1826 ἑωυτοὺς
1143 1774 1375 1840 πρώτους
1399 1772 1644 1842 γενέσθω
1669 1775 1885 1826 πάντων

244 1853 269 1892 2
290 1846 585 1915 ἀνθρώπων.
630 1848 800 1916 επειδὴ
834 1848 889 1901 δε
924 1849 1247 1918 Ψαμμίτιχος
1280 1847 1607 1914 βασιλεύσας
1637 1847 1885 1919 ἠθέλησε

288 1921 470 1974 εἰδέναι
503 1946 550 1976 οι
586 1945 717 1980 τινες
749 1927 981 1997 γενοίατο
1017 1932 1228 1998 πρῶτοι,
1258 1927 1358 1981 ἀπὸ
1385 1928 1567 1981 τοῦτου
1605 1930 1886 1997 νομίζουσι

287 1997 490 2070 Φρύγας
540 2002 821 2072 προτέρους
870 2004 1112 2075 γενέσθαι
1166 2007 1383 2067 ἑωυτῶν,
1428 2011 1529 2059 τῶν
1583 2007 1639 2059 δὲ
1693 2008 1888 2061 ἄλλων

244 2091 269 2131 8
290 2075 522 2133 ἑωυτούς.
604 2081 924 2150 Ψαμμίτιχος
953 2083 1008 2135 δὲ
1041 2084 1109 2138 ὦς
1135 2082 1227 2136 οὐκ
1255 2081 1462 2137 ἐδύνατο
1497 2083 1888 2153 πυνθανόμενος

286 2158 447 2226 πόρον
468 2156 646 2209 οὐδένα
664 2157 849 2211 τούτου
868 2160 1110 2231 ἀνευρεῖν,
1133 2158 1183 2214 οἳ
1201 2162 1435 2231 γενοίατο
1454 2167 1649 2233 πρῶτοι
1670 2164 1882 2231 ἀνθρώ-

243 2246 270 2287 4
288 2256 414 2294 πων,
453 2235 771 2304 ἐπιτεχνᾶται
806 2239 1021 2291 τοιόνδε.
1104 2239 1294 2292 Παιδία
1329 2239 1420 2293 δύο
1457 2242 1639 2311 νεογνὰ
1673 2242 1886 2337 ἀνθρώ-

285 2333 397 2363 πων
422 2317 523 2364 τῶν
542 2312 881 2379 ἐπιτυχόντων
902 2316 1036 2367 διδοῖ
1051 2316 1252 2384 ποιμένι
1272 2317 1525 2387 τρέφειν’
1499 2340 1554 2373 ες
1573 2320 1639 2371 τὰ
1663 2321 1889 2387 ποίμνια

286 2385 487 2452 τροφήν
512 2408 623 2440 τινα
648 2387 862 2455 τοιήνδε·
908 2392 1256 2461 ἐντειλάμενος
1290 2395 1478 2462 μηδένα
1508 2395 1684 2449 ἀντίον
1711 2398 1891 2451 αὐτῶν

286 2460 531 2524 μηδεμίαν
565 2464 741 2531 φωνὴν
782 2464 922 2526 ιέναι,
961 2468 1017 2521 ἐν
1054 2470 1213 2540 στέγῃ
1255 2472 1311 2525 δε
1351 2471 1512 2542 ερὴμῃ
1554 2472 1633 2527 ἐπ’
1671 2476 1890 2529 ἑωυτῶν

290 2531 491 2584 κέεσθαι
543 2539 686 2597 αὐτὰ,
742 2543 823 2593 καὶ
876 2564 967 2609 την
1020 2546 1154 2614 ὥρην
1211 2548 1490 2619 ἐπαγινέειν
1544 2554 1651 2621 σφι
1705 2549 1885 2625 azyme·
