1975 2892
536 110 1076 158 EYTEPHH.—11.
1109 118 1284 172 92-95.
1593 104 1706 163 167

116 221 171 272 ἐκ
200 220 257 272 δέ
286 223 389 273 τῶν
412 220 805 290 περιγινομένων
832 221 913 274 καὶ
936 220 1006 289 μὴ
1035 220 1441 289 καταπινομένων
1475 220 1709 291 κέγχρων

115 299 167 350 οἱ
210 299 521 368 τρεφόμενοι
567 297 740 367 ἰχθύες
777 299 1022 369 γίνονται.
1078 295 1129 353 οἳ
1160 299 1203 353 δ’
1245 300 1308 354 ἂν
1341 300 1505 352 αὐτῶν
1535 302 1705 352 ἁλῶσι
1722 314 1748 355 8

118 377 438 431 ἐκπλώοντες
491 375 543 430 ές
596 377 889 439 θάλασσαν,
944 378 1215 446 φαίνονται
1266 377 1583 448 τετριμμένοι
1643 378 1707 430 τὰ

117 455 435 525 ε’παριστερὰ
461 459 563 508 τῶν
582 455 867 524 κεφαλέων·
914 451 963 508 οἳ
992 455 1036 508 δ’
1055 455 1119 508 ἂν
1144 455 1316 508 ὀπίσω
1334 456 1704 516 ἀναπλώοντες,

116 532 182 586 τὰ
208 532 440 599 έπιδεξιὰ
476 533 797 603 τετρίφαται.
840 534 1117 603 πάσχουσι
1157 534 1214 587 δὲ
1254 537 1412 586 ταῦτα
1451 535 1536 587 διὰ
1566 535 1702 586 τόδε.
1727 547 1753 591 ’1

116 612 356 680 ἐχόμενοι
382 613 472 678 τῆς
496 613 592 682 γῆς
628 611 709 664 ἐπ’
743 612 993 683 ἀριστερὰ
1029 613 1394 666 καταπλώουσι
1420 611 1473 666 ές
1500 611 1700 665 θάλασ-

118 702 238 742 σαν·
293 690 373 742 καὶ
417 689 772 746 ἀναπλώοντες
816 689 1008 752 ὀπίσω,
1053 693 1144 759 τῆς
1189 690 1344 758 αὐτῆς
1389 690 1705 760 ἀντέχονται,

118 767 513 839 ε’γχριπτόμενοι
556 769 639 821 καὶ
682 765 942 838 ψαύοντες
996 769 1065 825 ὣς
1115 770 1362 835 μάλιστα,
1409 766 1488 823 ἵνα
1533 768 1595 836 δὴ
1637 768 1706 836 μὴ

119 847 394 917 ἁμάρτοιεν
419 848 508 914 τῆς
538 847 661 902 ὁδοῦ
688 847 772 900 διὰ
798 849 887 902 τὸν
911 846 1056 918 ῥόον.
1096 847 1284 902 Ἐπεὰν
1299 849 1356 902 δὲ
1381 845 1706 915 πληθύεσθαι
1723 861 1750 904 8

119 923 339 994 ἄρχηται
366 927 395 976 ὁ
424 928 632 986 Νεῖλος,
661 927 726 978 τά
759 947 816 979 τε
843 929 998 979 κοῖλα
1024 929 1112 994 τῆς
1145 928 1241 997 γῆς
1269 927 1350 979 καὶ
1381 928 1444 980 τὰ
1475 925 1709 994 τέλματα

120 1004 185 1056 τὰ
222 1004 363 1073 παρὰ
399 1005 489 1056 τὸν
522 1005 753 1072 ποταμὸν
789 1009 968 1075 πρῶτα
1007 1005 1218 1076 ἄρχεται
1251 1005 1564 1064 πίπλασθαι,
1595 1005 1704 1070 διη-

122 1079 330 1136 θέοντος
356 1084 447 1134 τοῦ
475 1080 657 1137 ὕδατος
684 1083 739 1134 ἐκ
765 1086 857 1134 τοῦ
882 1086 1135 1150 ποταμοῦ·
1179 1084 1262 1138 καὶ
1287 1083 1464 1136 αὐτίκα
1491 1105 1547 1137 τε
1573 1082 1708 1136 πλέα

120 1159 319 1230 γίνεται
343 1163 519 1222 ταῦτα,
549 1162 631 1214 καὶ
644 1163 953 1231 παραχρῆμα
982 1159 1174 1230 ἰχθύων
1201 1167 1428 1232 σμικρῶν
1457 1162 1706 1216 πίπλαται
1781 1203 1786 1208 .

120 1239 309 1292 πάντα.
350 1237 499 1292 κόθεν
525 1239 582 1294 δὲ
616 1238 754 1294 οἰκὸς
788 1239 971 1295 αὐτοὺς
1005 1239 1258 1310 γίνεσθαι,
1289 1240 1390 1311 ἐγώ
1425 1262 1514 1309 μοι
1549 1239 1707 1293 δοκέω
1725 1253 1752 1294 9

124 1315 412 1370 κατανοέειν
436 1320 607 1370 τοῦτο.
651 1321 743 1372 τοῦ
774 1318 1028 1389 προτέρου
1067 1320 1206 1374 ἔτεος
1233 1318 1385 1372 ἐπεὰν
1419 1318 1650 1384 ἀπολίπῃ
1678 1320 1708 1370 ὁ

124 1398 336 1457 Νεῖλος,
371 1397 420 1448 οἱ
460 1394 635 1464 ἰχθύες
674 1397 953 1451 ἐντεκόντες
995 1397 1070 1450 &a
1109 1397 1162 1452 ές
1199 1395 1292 1464 τὴν
1331 1396 1463 1456 ἰλὺν,
1501 1396 1603 1462 ἅμα
1637 1395 1710 1466 τῷ

122 1475 335 1546 ἐσχάτῳ
376 1471 519 1528 ὕδατι
554 1474 1004 1529 ἀπαλλάσσονται·
1061 1474 1214 1528 ἐπεὰν
1255 1475 1312 1526 δὲ
1349 1472 1710 1543 περιελθόντος

121 1556 219 1606 τοῦ
244 1555 437 1623 χρόνου
462 1555 621 1607 πάλιν
658 1553 857 1620 ἐπέλθῃ
885 1555 945 1606 τὸ
972 1550 1130 1624 ὕδωρ,
1158 1552 1214 1604 έκ
1243 1557 1347 1605 τῶν
1381 1552 1492 1605 ώῶν
1517 1548 1711 1604 τούτων

122 1630 411 1702 παραυτίκα
443 1631 669 1703 γίνονται
708 1633 758 1687 οἱ
785 1629 977 1701 ἰχθύες.
1023 1631 1108 1684 καὶ
1140 1631 1260 1701 περὶ
1296 1631 1390 1699 μὲν
1415 1629 1536 1684 τοὺς
1561 1629 1709 1698 ἰχθῦς

124 1707 263 1762 οὕτω
286 1711 417 1778 ἔχει.

219 1787 495 1858 Ἀλείφατι
534 1787 591 1843 δὲ
625 1789 873 1859 χρέωνται
913 1785 1202 1858 Αἰγυπτίων
1239 1785 1289 1837 οἱ
1327 1785 1446 1853 περὶ
1481 1784 1546 1838 τὰ
1585 1782 1714 1838 ἕλεα
1733 1779 1812 1834 94

140 1867 409 1929 οἰκέοντες,
444 1868 545 1922 ἀπὸ
586 1871 687 1921 τῶν
721 1867 1091 1936 σιλλικυπρίων
1129 1867 1222 1918 τοῦ
1270 1867 1482 1934 καρποῦ,
1520 1865 1580 1917 τὸ
1619 1887 1712 1919 κα-

140 1951 298 2001 λεῦσι
339 1948 433 2015 μὲν
473 1945 741 2014 Αἰγύπτιοι
788 1946 901 1999 κίκι·
954 1948 1160 1999 ποιεῦσι
1207 1943 1262 1998 δὲ
1307 1944 1424 1996 ὦδε.
1465 1945 1606 2012 παρὰ
1647 1946 1712 1998 τὰ
1734 1960 1760 2001 2

128 2022 311 2090 χείλεα
337 2027 439 2074 τῶν
472 2043 529 2074 τε
559 2025 799 2088 ποταμῶν
832 2019 915 2073 καὶ
953 2025 1055 2072 τῶν
1087 2017 1307 2086 λιμνέων
1347 2016 1624 2087 σπείρουσι
1649 2015 1737 2074 τὰ4

130 2097 472 2170 σιλλικύπρια
521 2102 697 2158 ταῦτα,
751 2098 815 2152 τὰ
868 2097 923 2151 έν
964 2095 1225 2163 Ἕλλησι·
1249 2096 1504 2163 αὐτόματα
1563 2093 1716 2162 ἄγρια

130 2175 340 2247 φύεται.
384 2180 541 2232 ταῦτα
562 2178 616 2230 ἐν
640 2181 701 2244 τῇ
729 2173 973 2248 Αἰγύπτῳ
1002 2176 1329 2245 σπειρόμενα,
1353 2174 1545 2241 καρπὸν
1565 2170 1714 2239 φέρει
1733 2183 1757 2224 8

128 2259 335 2310 πολλὸν
360 2257 469 2324 μὲν,
500 2256 731 2308 δυσώδεα
750 2255 827 2308 δέ.
870 2256 1054 2306 τοῦτον
1087 2252 1242 2306 ἐπεὰν
1267 2249 1640 2316 συλλέξωνται,
1667 2247 1717 2299 οἱ
1734 2258 1761 2299 4

130 2335 228 2402 μὲν
252 2335 509 2404 κόψαντες
534 2333 807 2388 ἀπιποῦσι·
852 2333 901 2385 οἱ
928 2331 985 2384 δὲ
1011 2331 1094 2384 καὶ
1113 2327 1400 2400 φρύξαντες
1427 2325 1716 2395 ἀπέψουσι,

134 2413 219 2464 καὶ
245 2415 307 2464 τὸ
332 2411 583 2482 ἀπορρέον
610 2411 695 2465 ἀπ’
724 2411 880 2464 αὐτοῦ
899 2408 1312 2480 συγκομίζονται.
1357 2406 1473 2458 ἔστι
1500 2404 1554 2456 δὲ
1582 2406 1716 2462 πῖον,
1735 2418 1760 2456 6

134 2493 219 2544 καὶ
244 2491 392 2544 οὐδὲν
419 2489 591 2557 ἧσσον
617 2493 707 2542 τοῦ
736 2488 918 2542 ἐλαίου
946 2491 1020 2560 τῷ
1036 2485 1212 2559 λύχνῳ
1237 2482 1513 2554 προσηνές·
1558 2481 1719 2548 ὀδμὴν

136 2570 191 2621 δὲ
234 2569 429 2640 βαρέαν
468 2568 764 2638 παρέχεται.
990 2567 1134 2638 Πρὸς
1180 2563 1236 2616 δὲ
1291 2561 1410 2616 τοὺς
1462 2561 1722 2621 κώνωπας,
1741 2555 1817 2609 95
