1975 2892
535 142 913 189 ΚΛΕΙΩ.--ι.
947 146 1184 192 202-206.
1541 140 1652 195 113

34 204 119 243 Ol.
142 204 207 243 6⁰.
229 202 370 243 8—82.
390 203 449 251 4.]

38 279 224 323 κεται,
254 258 455 326 πλῆθος
479 258 688 331 ἄπειρον
711 260 766 317 ε’ς
790 260 1011 333 ἄποψιν·
1055 268 1148 317 τοῦ
1175 264 1245 317 ὧν
1266 265 1327 333 δὴ
1352 266 1532 320 πεδίου
1558 272 1650 321 τοῦ

34 337 299 405 μεγάλου
332 336 423 389 οὐκ
461 336 745 406 ἐλαχίστην
782 342 963 411 μοίρην
1004 345 1283 411 μετέχουσι
1329 346 1378 396 οἷ
1419 354 1645 400 Μασσα-

32 414 225 483 γέται,
255 412 337 467 ἐπ’
366 414 453 470 οὓς
479 419 508 468 ὁ
536 420 703 486 Κῦρος
730 418 859 486 ἔσχε
892 420 1180 489 προθυμίην
1206 420 1641 491 στρατεύσασθαι.

33 494 241 545 πολλά
275 514 333 545 τε
369 495 469 564 γάρ
504 515 591 561 μιν
616 495 698 547 καὶ
738 498 939 565 μεγάλα
975 498 1039 549 τὰ
1073 496 1372 566 ἐπαείροντα
1407 501 1487 553 καὶ
1523 502 1642 555 ε’πο-
1662 506 1688 547 2

34 568 309 639 τρῦνοντα
332 568 413 637 ἦν.
454 578 658 641 πρῶτον
681 574 774 640 μὲν
800 572 829 640 ἡ
856 574 1076 644 γένεσις,
1106 578 1164 627 τὸ
1193 576 1385 629 δοκέειν
1408 578 1569 631 πλέον
1594 600 1646 631 τι

34 643 185 699 εἶναι
230 647 517 719 ἀνθρώπου·
579 649 789 721 δεύτερα
831 652 905 712 δὲ,
955 651 986 718 ἡ
1035 652 1240 721 εὐτυχίη
1287 653 1316 721 ἧ
1358 656 1483 707 κατὰ
1517 656 1645 712 «τοὺς

32 726 321 793 πολέμους
345 728 608 797 γενομένη·
652 728 741 796 ὅκη
776 730 877 799 γὰρ
914 729 1108 783 ἶθῦσειε
1137 730 1507 801 στρατεύεσθαι
1537 738 1640 787 Κῦ-

32 826 163 875 ρος,
189 802 453 872 ἀμήχανον
477 803 539 872 ἢν
565 805 724 859 ἐκεῖνο
752 810 811 859 τὸ
838 807 983 862 ἔθνος
1011 810 1322 880 διαφυγέειν.

119 880 237 934 Ἠν
282 882 355 944 δὲ,
399 886 491 935 τοῦ
536 884 718 954 ἀνδρὸς
763 882 1117 947 ἀποθανόντος,
1161 885 1286 955 γυνὴ
1329 890 1430 939 τῶν
1471 896 1622 940 Μασ-
1660 888 1775 942 205

34 958 321 1029 σαγετέων
368 961 633 1024 βασιλεια·
712 961 929 1029 Τόμυρίς
975 963 1025 1014 οἱ
1070 960 1131 1029 ἦν
1175 966 1375 1031 οὔνομα.
1442 963 1629 1031 ταύτην

32 1038 274 1104 πέμπων
313 1038 343 1088 ὁ
383 1040 551 1105 Κῦρος
591 1036 773 1104 ε’μνᾶτο
812 1042 884 1110 τῷ
921 1040 1084 1111 λόγῳ,
1125 1038 1290 1093 θέλων
1327 1045 1536 1112 γυναῖκα
1575 1041 1633 1110 ἣν

36 1116 218 1182 ἔχειν.
274 1112 305 1180 ἦ
343 1114 399 1167 δὲ
424 1117 642 1183 Τόμυρις
679 1118 913 1169 συνιεῖσα
947 1118 1040 1169 οὐκ
1066 1116 1220 1184 αὐτήν
1243 1140 1330 1185 μιν
1359 1122 1629 1183 μνώμενον,
1656 1132 1683 1173 2

38 1190 201 1243 ἀλλὰ
221 1188 314 1257 τὴν
338 1186 727 1258 Μασσαγετέων
752 1184 1049 1255 βασιληίην,
1073 1188 1320 1245 ἀπείπατο
1345 1190 1436 1257 τὴν
1459 1191 1624 1260 πρόσ-

40 1268 193 1321 οδον.
278 1270 445 1337 Κῦρος
481 1264 537 1319 δὲ
574 1266 702 1334 μετὰ
735 1268 901 1329 τοῦτο,
944 1266 1013 1321 ὥς
1048 1268 1097 1319 οἶ
1132 1267 1269 1339 δόλῳ
1303 1267 1364 1321 οὔ
1395 1268 1626 1338 προεχώ-
1656 1289 1681 1330 3

36 1368 158 1417 ρεε,
190 1346 389 1400 ε’λάσας
414 1346 499 1399 ἐπὶ
525 1347 614 1398 τὸν
638 1344 873 1416 Ἀράξεα,
903 1344 1130 1398 ἐποιέετο
1167 1346 1222 1397 ἐκ
1257 1349 1350 1398 τοῦ
1386 1346 1638 1416 ἐμφανέος

42 1426 141 1478 ἐπὶ
178 1424 301 1479 τοὺς
328 1423 676 1494 Μασσαγέτας
711 1417 1005 1493 στρατηίην,
1033 1421 1265 1493 γεφύρας
1299 1444 1354 1475 τε
1390 1422 1639 1493 ζευγνύων
1674 1452 1718 1484 Α,
1737 1454 1778 1487 0,

46 1504 143 1556 ἐπὶ
170 1505 268 1555 τοῦ
293 1505 542 1569 ποταμοῦ,
573 1502 816 1566 διάβασιν
841 1507 913 1574 τῷ
940 1506 1164 1573 στρατῷ,
1192 1502 1274 1553 καὶ
1298 1498 1524 1570 πύργους
1553 1501 1639 1554 ἐπὶ
1683 1494 1767 1535 ⁶²⁹·

43 1581 261 1635 πλοίων
294 1584 395 1632 τῶν
434 1578 903 1649 διαπορθμευόντων
942 1580 1032 1631 τὸν
1069 1580 1299 1645 ποταμὸν
1341 1578 1630 1646 οἰκοδομεό-

44 1680 231 1727 μενος.
448 1654 665 1725 Ἔχοντι
694 1656 753 1709 δέ
776 1658 827 1709 οἱ
853 1660 1036 1709 τοῦτον
1061 1657 1150 1708 τὸν
1175 1658 1349 1716 πόνον,
1378 1656 1636 1726 πέμψασα
1660 1663 1776 1717 206

44 1736 79 1804 ἦ
126 1739 350 1806 Τόμυρις
390 1733 594 1805 κήρυκα,
624 1736 779 1803 ἔλεγε
818 1734 956 1787 τάδε·
1005 1730 1120 1785 “Ὠ
1159 1736 1386 1798 βασιλεῦ
1427 1733 1633 1803 Μήδων,

45 1818 257 1869 παῦσαι
285 1812 521 1867 σπεύδων
545 1814 609 1865 τὰ
638 1810 893 1868 σπεύδεις·
938 1812 1000 1864 οὐ
1033 1812 1134 1883 γὰρ
1171 1812 1233 1865 ἂν
1269 1812 1450 1880 εἰδείης
1476 1811 1526 1867 εἴ
1556 1835 1636 1867 τοι

48 1894 106 1947 ές
136 1893 314 1962 καιρὸν
338 1892 485 1943 ἔσται
510 1894 667 1943 ταῦτα
693 1888 982 1957 τελεύμενα·
1021 1892 1346 1959 παυσάμενος
1373 1892 1445 1952 δὲ,
1473 1894 1632 1957 βασί-

45 1975 180 2024 λευε
220 1975 321 2022 τῶν
361 1971 607 2028 σεωυτοῦ,
652 1969 732 2021 καὶ
771 1967 925 2035 ἡμέας
967 1969 1148 2038 ἀνέχευ
1190 1968 1348 2040 ὁρέων
1386 1971 1636 2040 ἄρχοντας

51 2054 159 2101 τῶν
185 2069 282 2118 περ
308 2046 548 2117 ἄρχομεν.
632 2049 807 2098 Οὔκων
834 2045 1098 2113 ἐθελῆσεις
1133 2046 1420 2115 ὑποθήκῃσι
1456 2051 1634 2116 τῇσίδε
1657 2070 1681 2109 2

48 2124 325 2197 χρέεσθαι,
354 2126 495 2178 ἀλλὰ
528 2125 693 2179 πάντα
725 2126 927 2192 μᾶλλον
962 2123 993 2192 ἢ
1030 2123 1094 2177 δι’
1122 2123 1340 2192 ἡσυχίης
1376 2122 1519 2178 εἶναι.
1567 2127 1634 2179 σὺ
1657 2147 1682 2186 3

52 2207 112 2259 δέ
168 2204 231 2272 ἢν
273 2205 509 2274 μεγάλως
561 2202 839 2273 προθυμέαι
887 2202 1274 2272 Μασσαγετέων
1318 2204 1631 2273 πειρηθῆναι,

53 2282 205 2353 φέρε,
228 2281 426 2350 μόχθον
450 2282 560 2348 μὲν,
588 2282 679 2333 τὸν
704 2282 839 2349 ἔχεις
866 2278 1073 2348 ζευγνὺς
1099 2280 1188 2331 τὸν
1213 2282 1458 2347 ποταμὸν,
1481 2282 1630 2349 ἄφες·

54 2362 127 2415 σὺ
160 2361 237 2421 δὲ,
264 2359 430 2427 ἡμέων
462 2360 901 2429 ἀναχωρησάντων
940 2357 1041 2409 άπὸ
1081 2359 1174 2409 τοῦ
1213 2362 1444 2425 ποταμοῦ
1483 2364 1640 2427 τριῶν

55 2438 283 2508 ἡμερέων
322 2438 459 2497 ὁδὸν,
498 2438 727 2500 διάβαινε
768 2437 821 2490 ἐς
858 2434 949 2501 τὴν
989 2433 1252 2504 ἡμετέρην.
1311 2434 1356 2486 εἶ
1396 2434 1439 2488 δ’
1481 2435 1635 2503 ἡμέας
1658 2454 1684 2494 4

55 2514 275 2583 βούλεαι
302 2513 615 2580 ἐσδέξασθαι
640 2515 843 2581 μᾶλλον
870 2513 921 2566 ἐς
956 2510 1048 2578 τὴν
1076 2512 1335 2581 ὑμετέρην,
1366 2512 1435 2565 σύ
1472 2514 1634 2566 τώυτὸ

55 2598 211 2649 τοῦτο
238 2588 436 2647 ποίεε.”
517 2595 685 2645 Ταῦτα
712 2590 767 2643 δὲ
795 2587 1020 2643 ἀκούσας
1046 2591 1075 2640 ὁ
1103 2592 1291 2659 Κῦρος,
1321 2592 1634 2644 συνεκάλεσε
1659 2613 1682 2651 5

123 2695 225 2728 τοι.
245 2695 272 2724 ¹.
398 2690 405 2693 ·
834 2679 862 2719 1
