1975 2892
611 132 985 179 KAEm.—-—1.
1021 126 1256 191 159·164.
1652 118 1730 171 89

123 195 196 234 οι.
220 196 288 235 58.
306 197 441 237 3—60.
462 198 520 246 8.]

127 252 303 301 ταῦτα
340 249 673 322 ἐστρατεύετο
708 250 794 306 ε’πὶ
826 252 945 307 τοὺς
978 247 1528 321 συμπολιορκῆσαντας
1560 250 1732 310 Τάβα-

126 330 259 380 λον.
305 329 385 381 καὶ
420 334 573 383 τοῦτο
608 331 720 398 μὲν,
756 330 1005 400 Πριηνέας
1039 329 1538 400 ἐξηνδραποδίσατο·
1581 331 1735 380 τοῦτο

128 406 213 465 δὲ,
241 408 537 478 Μαιάνδρου
556 410 733 462 πεδίον
751 412 853 462 πᾶν
873 406 1143 479 ἐπέδραμε,
1163 402 1314 473 ληίην
1331 403 1630 475 ποιεύμενος
1657 410 1733 477 τῴ

128 490 368 557 στρατῷ·
414 487 717 557 Μαγνησίην
744 487 799 540 δὲ
827 484 1090 541 ὡσαύτως.
1133 486 1261 554 μετὰ
1282 485 1338 537 δὲ
1365 488 1522 537 ταῦτα
1548 484 1732 537 αὐτίκα

126 559 317 631 νούσῳ
340 565 569 630 τελευτᾷ.

210 634 585 692 Ἀποθανόντος
630 638 685 690 δὲ
732 635 929 701 τούτου,
977 636 1245 709 Ἀρπαγος
1296 633 1484 701 κατέβη
1539 633 1706 686 διάδο-
1754 642 1868 697 162

124 734 229 783 χος
272 717 364 781 τῆς
404 716 727 784 στρατηγίης,
769 715 917 786 γένος
952 717 1034 769 καὶ
1075 716 1224 770 αὐτὸς
1264 714 1360 767 ἐὼν
1395 713 1585 779 Μῆδος,
1623 711 1712 762 τὸν

126 798 159 847 ὁ
191 793 389 861 Μήδων
413 797 667 860 βασιλεὺς
691 795 982 869 Ἀστυάγης
1017 798 1186 869 ἀνόμω
1223 795 1445 867 τραπέζῃ
1474 796 1668 856 ἔδαισε,
1698 797 1727 847 ὁ

126 874 207 945 τῷ
253 871 407 945 Κύρῳ
460 875 551 942 τὴν
600 870 887 943 βασιληίην
940 877 1505 946 συγκατεργασάμενος.
1577 872 1726 927 οὗτος
1746 892 1772 931 2

127 950 273 1021 ὡνὴρ
299 952 467 1005 τότεε
442 954 541 1005 υπὸ
570 950 745 1023 Κύρου
766 955 1056 1024 στρατηγὸς
1081 953 1451 1022 ‹inossexssets-,‘
1425 970 1493 1007 ως
1513 952 1724 1005 ἀπίκετο

127 1028 187 1083 ἐς
230 1029 325 1097 τὴν
364 1029 575 1098 Ἰωνίην,
624 1029 759 1102 αἵρεε
805 1033 895 1087 τὰς
936 1034 1122 1087 πόλιας
1179 1033 1405 1100 Χώμασι·
1451 1030 1580 1086 ὅκως
1623 1030 1724 1100 γὰρ

125 1106 402 1177 τειχήρεας
440 1107 692 1177 ποιήσειε,
728 1111 788 1163 τὸ
830 1110 1060 1163 ἐνθεῦτεν
1097 1112 1310 1179 χώματα
1347 1114 1456 1178 χῶν
1493 1110 1623 1179 πρὸς
1661 1108 1726 1160 τὰ

126 1186 312 1254 τείχεα
338 1186 565 1255 ἐπόρθεε.
610 1190 785 1257 πρώτῃ
816 1189 871 1241 δε
899 1188 1099 1255 Φωκαίῃ
1126 1186 1319 1255 Ἰωνίης
1345 1187 1666 1256 ἐπεχείρησε.
1745 1200 1770 1240 8

251 1262 316 1313 Οἱ
368 1262 423 1314 δὲ
476 1263 722 1320 Φωκαιέες
776 1264 916 1317 οὗτοι
968 1264 1258 1327 ναυτιλίῃσι
1309 1264 1534 1326 μακρῇσι
1585 1262 1724 1322 πρῶ·
1753 1263 1866 1317 163

128 1361 216 1393 τοι
257 1338 523 1407 Ἐλλήνων
558 1338 865 1409 ἐχρήσαντο·
920 1342 1004 1393 καὶ
1042 1341 1132 1393 τόν
1169 1361 1225 1392 τε
1262 1338 1469 1409 Ἀδρίην
1509 1338 1592 1390 καὶ
1629 1337 1722 1404 τὴν

128 1417 421 1487 Τυρσηνίην
459 1418 541 1471 καὶ
592 1417 685 1485 τὴν
716 1417 945 1489 Ἰβηρίην
980 1418 1062 1470 καὶ
1101 1419 1190 1469 τὸν
1230 1417 1537 1485 Ταρτησσὸν
1578 1413 1722 1467 οὗτοί

131 1496 243 1549 εἶσι
270 1497 321 1548 οἱ
360 1496 736 1563 καταδέξαντες.
782 1496 1142 1549 ἐναυτίλλοπο
1179 1494 1236 1547 δὲ
1263 1494 1323 1546 οὗ
1361 1490 1720 1563 στρογγύλῃσι
1744 1510 1768 1550 2

132 1574 307 1641 νηυσὶ,
362 1574 501 1639 ἀλλᾲ
544 1574 1006 1645 πεντηκοντέροισι.
1075 1572 1366 1639 ἀπικόμενοι
1420 1571 1474 1622 δὲ
1529 1570 1581 1624 ἐς
1631 1572 1722 1623 τὸν

130 1654 460 1723 Ταρτησσὸν,
488 1653 814 1722 προσφιλέες
846 1652 1078 1721 ἐγένοντο
1105 1650 1177 1721 τῷ
1207 1648 1427 1713 βασιλέῖ
1459 1654 1560 1701 τῶν
1585 1656 1718 1717 Ταρ-

131 1730 386 1797 τησσίων,
431 1736 503 1803 τῷ
556 1732 746 1797 οὕνομα
796 1731 889 1799 μὲν
939 1727 1003 1796 ἦν
1052 1727 1439 1799 Ἀργανθώνιος·
1511 1727 1717 1796 ἐτυράν-

134 1830 292 1863 νευσε
324 1809 379 1862 δὲ
406 1812 713 1879 Ταρτησσοῦ
746 1807 1038 1879 ὀγδώκοντα
1076 1808 1207 1865 ἔτεα,
1239 1805 1430 1870 ἐβίωσε
1461 1805 1516 1858 δὲ
1556 1807 1720 1859 πάντα

134 1884 303 1941 ε’ίκοσι
350 1888 431 1940 καὶ
471 1888 666 1939 ἑκατόν.
710 1885 874 1959 τούτῳ
911 1884 971 1939 δὲ
1011 1890 1084 1958 τῷ
1121 1884 1266 1955 ἀνδρὶ
1303 1884 1629 1955 προσφιλέες
1667 1886 1758 1940 οἶ3

136 1965 386 2020 Φωκαιέες
411 1962 545 2018 οὕτω
572 1962 635 2031 δὴ
662 1986 713 2017 τι
745 1964 997 2035 ἐγένοντο,
1028 1964 1095 2019 ὣς
1129 1964 1193 2015 τὰ
1216 1964 1310 2031 μὲν
1343 1964 1521 2035 πρῶτά
1549 1965 1720 2032 σφεας

137 2044 436 2098 ἐκλιπόντας
460 2043 656 2109 Ἰωνίην
693 2042 935 2095 ἐκέλευσε
973 2044 1063 2110 τῆς
1090 2044 1280 2094 ἑωυτοῦ
1317 2044 1491 2112 χώρης
1515 2041 1720 2109 οἰκῆσαι

136 2120 261 2175 ὅκου
293 2119 591 2186 βούλονται·
635 2121 764 2189 μετὰ
798 2121 873 2182 δὲ,
904 2122 971 2176 ὧς
1008 2122 1159 2173 τοῦτό
1189 2142 1252 2190 γε
1288 2120 1379 2173 οὐκ
1406 2118 1576 2173 ἔπειθε
1600 2119 1722 2172 τοὺς

137 2199 406 2259 Φωκαιέας,
456 2203 485 2253 ὁ
532 2199 589 2252 δὲ
628 2198 912 2267 πυθόμενος
944 2200 1034 2251 τὸν
1073 2198 1252 2265 Μῆδον
1291 2196 1410 2267 παρ’
1451 2197 1615 2249 αὐτῶν
1654 2196 1723 2250 ὧς

136 2278 361 2344 αὔξοιτο,
390 2277 561 2331 ε’δίδου
602 2279 706 2347 σφι
736 2275 973 2347 χρήματα
1013 2278 1185 2344 τεῖχος
1223 2272 1599 2345 περιβαλέσθαι
1631 2272 1723 2340 τὴν

134 2359 310 2411 πόλιν.
372 2356 541 2409 ἐδίδου
584 2356 641 2408 δὲ
692 2355 961 2425 ἀφειδέως·
1025 2354 1106 2406 καὶ
1150 2352 1250 2422 γὰρ
1288 2353 1369 2405 καὶ
1408 2350 1438 2417 ἦ
1484 2351 1720 2420 περίοδος
1742 2369 1768 2408 4

136 2438 231 2488 τοῦ
256 2434 450 2502 τείχεος
476 2434 569 2486 οὒκ
596 2434 767 2501 ὀλίγοι
789 2432 995 2487 στάδιοί
1021 2432 1145 2485 εἶσι·
1187 2433 1340 2481 τοῦτο
1358 2430 1413 2482 δὲ
1439 2432 1542 2483 πᾶν
1559 2428 1723 2481 λίθων

138 2513 376 2585 μεγάλων
400 2512 483 2566 καὶ
510 2510 566 2564 ευ
604 2511 1053 2582 συναρμοσμένων.
1295 2509 1364 2560 Τὸ
1400 2528 1493 2575 μεν
1528 2506 1588 2574 δὴ
1617 2509 1718 2559 τεῖ-
1748 2502 1866 2555 164

141 2612 237 2665 χος
278 2592 417 2643 τοῖσι
462 2593 751 2644 Φωκαιεῦσι
796 2591 969 2661 τρόπω
1012 2588 1193 2660 τοιῷδε
1241 2582 1530 2653 ε’ξεποιῆθη.
1589 2588 1618 2637 ὁ
1667 2584 1722 2635 δὲ
