1975 2892
279 107 396 165 108
870 120 1276 165 ΗΡοΛοΤοΥ

1643 187 1718 233 [Α.
1738 188 1784 227 0.
1803 190 1898 229 538.

282 232 556 303 κισχιλίων
590 234 853 286 ταλάντων
896 236 1058 303 γόμον
1087 234 1215 302 ἔχει.
1273 233 1328 286 ἐν
1365 235 1570 305 ἑκάστῳ
1610 237 1668 288 δὲ
1705 240 1894 308 πλοίῳ

242 314 399 370 οὸνος
426 314 553 377 ζωὸς
578 312 767 371 ἔνεστι,
796 312 852 365 ἐν
878 312 934 365 δὲ
962 314 1103 364 τοῖσι
1127 312 1314 378 μέζοσι
1343 315 1577 367 πλεῦνες.
1623 313 1792 366 ἐπεὰν
1819 314 1895 366 ὦν

283 392 558 447 ἀπίκωνται
597 390 844 445 πλέοντες
888 389 942 444 ἐς
975 390 1069 457 τὴν
1103 393 1405 454 Βαβυλῶνα,
1445 393 1529 443 καὶ
1575 391 1894 445 διαθέωνται

283 471 373 522 τὸν
412 470 629 538 φόρτον,
668 468 848 537 νομέας
891 468 986 536 μὲν
1025 471 1119 520 τοῦ
1157 470 1348 522 πλοίου
1389 470 1472 521 καὶ
1510 469 1603 535 τὴν
1642 472 1895 538 καλάμην

284 550 461 601 πᾶσαν
498 545 583 599 ἀπ’
622 545 691 599 ὧν
723 545 985 617 ἐκήρυξαν·
1030 547 1124 601 τὰς
1159 548 1214 599 δὲ
1251 547 1501 616 διφθέρας
1537 548 1894 613 ἐπισάξαντες

250 626 371 682 Ἰἔπὶ
410 626 530 679 τοὺς
568 623 733 685 ὅνους,
774 622 1124 677 ἀπελαύνουσι
1167 625 1220 679 ἐς
1256 625 1375 679 τοὺς
1413 624 1735 695 ’Δρμενίους.
1787 628 1893 679 ἀνὰ

286 706 378 757 τὸν
403 705 635 771 ποταμὸν
650 704 753 774 γὰρ
781 702 841 764 δὴ
862 703 955 755 οὐκ
981 698 1065 755 οἶά
1082 702 1141 755 τέ
1159 703 1274 755 ἐστι
1299 705 1478 757 πλέειν
1493 704 1661 756 οὐδενὶ
1678 708 1890 777 τρόπῳ,

291 783 387 835 ὑπὸ
428 784 613 850 τάχεος
650 786 743 835 τοῦ
780 784 1032 847 ποταμοῦ.
1103 782 1190 834 διὰ
1225 784 1327 852 γὰρ
1365 785 1526 834 ταῦτα
1564 783 1648 835 καὶ
1687 783 1787 835 οὐκ
1831 785 1893 836 ἐκ

252 858 461 926 8ξῦλων
498 862 755 913 ποιεῦνται
793 860 858 912 τὰ
895 862 1074 920 πλοῖα,
1116 858 1236 912 ἀλλ’
1275 860 1333 911 ἐκ
1373 859 1676 929 διφθερέων.
1727 860 1894 915 ἐπεὰν

290 938 346 991 δὲ
400 936 520 991 τοὺς
572 936 721 993 ὅνους
772 936 1070 993 ἐλαῦνοντες
1112 937 1390 991 ἀπίκωνται
1441 938 1614 991 ὀπίσω
1657 940 1714 993 ἐς
1761 940 1892 995 τοὺς

290 1015 599 1085 Ἀρμενίους,
644 1016 785 1069 ἅλλα
822 1019 996 1088 τρόπῳ
1031 1018 1105 1089 τῷ
1130 1016 1267 1089 αὐτῷ
1299 1019 1558 1070 ποιεῦνται
1589 1018 1774 1070 πλοῖα.
1820 1020 1890 1071 τὰ

162 1094 273 1149 195
292 1095 383 1162 μὲν
414 1094 475 1161 δὴ
512 1095 673 1147 πλοῖα
711 1094 918 1148 αὐτοῖσί
954 1095 1070 1147 ε’στι
1095 1098 1322 1147 τοιαῦτα.
1560 1094 1786 1163 Ἐσθῆτι
1827 1097 1890 1150 δὲ

291 1172 465 1239 τοιῇδε
486 1171 755 1241 χρέωνται,
775 1173 947 1226 κιθῶνι
970 1172 1238 1240 ποδηνεκέι·
1261 1172 1431 1245 λινέῳ·
1477 1174 1559 1226 καὶ
1585 1174 1670 1226 ἐπὶ
1695 1177 1891 1227 τοῦτον

292 1251 458 1303 ἄλλον
492 1249 703 1319 εἰρίνεον
738 1251 925 1304 κιθῶνα
964 1248 1238 1311 ἐπενδύνει,
1269 1252 1351 1304 καὶ
1388 1253 1657 1320 χλανίδων
1692 1254 1891 1305 λευκὸν

296 1330 751 1398 περιβαλλόμενος,
781 1328 1080 1397 ὑποδήματα
1105 1330 1240 1398 ἔχων
1253 1328 1519 1399 ἐπιχώρια,
1538 1329 1890 1401 παραπλήσια

253 1419 279 1459 2
295 1409 417 1476 τῇσι
468 1406 745 1474 Βοιωτίῃσι
796 1408 1010 1475 ἐμβάσι.
1081 1412 1332 1476 κομῶντες
1378 1409 1452 1474 δὲ,
1500 1409 1594 1463 τὰς
1645 1410 1889 1477 κεφαλὰς

254 1497 279 1537 8
296 1487 507 1556 μίτρῃσι
532 1485 843 1546 ἀναδέονται,
870 1486 1238 1556 μεμυρισμένοι
1270 1489 1373 1539 πᾶν
1397 1490 1456 1540 τὸ
1487 1492 1655 1554 σῶμα.
1699 1488 1884 1557 σφρη-

296 1566 415 1636 γῖδα
448 1564 503 1617 δὲ
540 1564 757 1619 εκαστος
796 1586 921 1633 εχει,
960 1565 1044 1616 καὶ
1083 1566 1346 1634 σκῆπτρον
1375 1564 1758 1635 χειροποίητον·
1803 1566 1885 1619 ἐπ’

298 1645 497 1714 εκάστω
540 1644 595 1696 δὲ
637 1642 880 1715 σκήπτρῳ
934 1642 1114 1697 ἔπεστι
1165 1644 1504 1710 πεποιημένον
1542 1642 1573 1711 ἢ
1613 1645 1802 1711 μῆλον,
1851 1643 1884 1712 ἣ

254 1739 281 1780 4
298 1720 469 1792 ῥόδον,
498 1720 530 1789 ἢ
568 1723 754 1793 κρίνον,
784 1720 813 1788 ἢ
852 1721 1036 1785 αἰετὸς,
1065 1718 1096 1788 ἦ
1123 1720 1262 1773 ἄλλο
1287 1742 1356 1773 τι.
1399 1722 1518 1775 ἄνευ
1555 1722 1658 1792 γαρ
1696 1721 1882 1789 ε’πισῆ-

298 1820 398 1867 μου
436 1801 499 1851 οὔ
540 1802 643 1867 σφι
679 1804 831 1868 νόμος
870 1799 987 1852 ἐστὶ
1021 1800 1160 1867 ἔχειν
1195 1800 1477 1871 σκῆπτρον.
1522 1798 1650 1867 αὕτη
1685 1801 1784 1869 μὲν
1821 1799 1886 1869 δὴ

302 1877 409 1942 σφι
434 1875 635 1943 ἄρτισις
659 1879 779 1947 περὶ
804 1880 864 1931 τὸ
894 1882 1044 1945 σῶμα
1071 1878 1205 1931 ε’στί.

167 1956 281 2011 196
386 1954 548 2020 Νόμοι
588 1956 643 2007 δε
684 1956 886 2009 αὐτοῖσι
925 1955 1025 2008 ὦδε
1077 1955 1420 2010 κατεστέαται.
1489 1957 1520 2007 ὁ
1557 1977 1652 2023 μεν
1693 1957 1878 2026 σοφώ-

305 2050 453 2085 τατος
492 2029 594 2092 ὅδε,
637 2034 764 2085 κατὰ
802 2035 1008 2101 γνώμην
1043 2034 1135 2101 τὴν
1173 2034 1432 2105 ἡμετέρην,
1468 2037 1540 2107 τῷ
1579 2034 1660 2086 καὶ
1700 2032 1880 2089 Ἰλλυ-

258 2125 284 2166 2
302 2112 423 2179 ριῶν
447 2106 681 2163 Ἐνετοὺς
698 2109 1012 2178 πυνθάνομαι
1032 2109 1278 2179 χρῆσθαι.
1323 2132 1450 2163 κατα
1475 2114 1646 2178 κώμας
1665 2112 1890 2168 εκάστας

302 2186 439 2253 ἅπαξ
471 2190 561 2239 τοῦ
593 2187 731 2243 ἔτεος
762 2188 983 2241 εκάστου
1017 2188 1240 2241 ἐποιέετο
1281 2189 1420 2241 τάδε.
1465 2190 1534 2243 ὣς
1563 2189 1625 2241 ἂν
1661 2190 1716 2241 αἱ
1749 2212 1887 2260 παρ-

303 2264 440 2317 θένοι
462 2265 689 2335 γινοίατο
727 2267 905 2336 γάμων
920 2266 1142 2363 ὧραιαι,
1170 2288 1356 2321 ταυτας
1381 2265 1512 2321 ὅκως
1547 2267 1892 2338 συναγάγοιεν

302 2343 491 2403 πάσας,
521 2343 573 2397 ἐς
600 2342 655 2395 ἓν
678 2343 871 2411 χωρίον
906 2343 1198 2414 ἐσάγεσκον
1231 2344 1401 2399 ἁλέας
1446 2345 1598 2415 πέριξ
1635 2346 1692 2398 δε
1733 2347 1891 2402 αὐτὸς

262 2431 287 2469 8
305 2414 485 2470 ἵστατο
526 2418 707 2487 ὅμιλος
745 2421 957 2490 ἀνδρῶν.
1007 2422 1219 2476 ἀνιστὰς
1255 2423 1312 2475 δὲ
1351 2424 1478 2475 κατὰ
1507 2424 1628 2490 μίαν
1667 2425 1890 2492 ἑκάστην

306 2488 464 2558 κῆρυξ
503 2497 783 2561 πωλέεσκε,
819 2502 996 2567 πρῶτα
1041 2521 1134 2565 μεν
1163 2500 1256 2566 τὴν
1295 2500 1650 2568 εὗειδεστάτην
1691 2502 1748 2555 ἐκ
1787 2525 1888 2556 πα-

308 2564 459 2618 σέων·
519 2573 647 2637 μετὰ
690 2574 765 2633 δε,
810 2574 939 2629 ὅκως
982 2597 1108 2643 αυτη
1151 2577 1380 2647 εὑροῦσα
1417 2580 1624 2633 πολλὸν
1663 2581 1892 2651 χρυσίον
