<?xml version="1.0" encoding="UTF-8"?>
<!DOCTYPE html PUBLIC "-//W3C//DTD XHTML 1.0 Transitional//EN"
    "http://www.w3.org/TR/xhtml1/DTD/xhtml1-transitional.dtd">
<html xmlns="http://www.w3.org/1999/xhtml" xml:lang="en" lang="en">
 <head>
  <title>
</title>
<meta http-equiv="Content-Type" content="text/html;charset=utf-8" />
  <meta name='ocr-system' content='tesseract 3.04.00' />
  <meta name='ocr-capabilities' content='ocr_page ocr_carea ocr_par ocr_line ocrx_word'/>
</head>
<body>
  <div class='ocr_page' id='page_1' title='image "./herodotihistori00westgoog_0328.png"; bbox 0 0 1975 2892; ppageno 0'>
   <div class='ocr_carea' id='block_1_1' title="bbox 309 92 1943 207">
    <p class='ocr_par' dir='ltr' id='par_1_1' title="bbox 309 92 1943 207">
     <span class='ocr_line' id='line_1_1' title="bbox 309 92 1299 149; baseline -0.003 0"><span class='ocrx_word' id='word_1_1' title='bbox 309 92 425 149; x_wconf 79' lang='lat'>284</span> <span class='ocrx_word' id='word_1_2' title='bbox 899 101 1299 147; x_wconf 74' lang='grc' dir='ltr'>ΗΡοΔοΤοῑ</span> 
     </span>
     <span class='ocr_line' id='line_1_2' title="bbox 1558 159 1943 207; baseline -0.008 -6"><span class='ocrx_word' id='word_1_3' title='bbox 1558 159 1637 202; x_wconf 75' lang='grc' dir='ltr'>[Δ.</span> <span class='ocrx_word' id='word_1_4' title='bbox 1658 159 1724 199; x_wconf 80' lang='lat'>0.</span> <span class='ocrx_word' id='word_1_5' title='bbox 1750 160 1855 207; x_wconf 74' lang='lat'>522,</span> <span class='ocrx_word' id='word_1_6' title='bbox 1874 162 1943 199; x_wconf 72' lang='lat'>521</span> 
     </span>
    </p>
   </div>
   <div class='ocr_carea' id='block_1_2' title="bbox 181 210 1960 2611">
    <p class='ocr_par' dir='ltr' id='par_1_2' title="bbox 181 210 1960 2611">
     <span class='ocr_line' id='line_1_3' title="bbox 273 210 1947 284; baseline 0.002 -20"><span class='ocrx_word' id='word_1_7' title='bbox 273 213 534 283; x_wconf 64' lang='lat' dir='ltr'>eruyxduqy</span> <span class='ocrx_word' id='word_1_8' title='bbox 559 214 872 281; x_wconf 74' lang='grc' dir='ltr'>μισγόμενος</span> <span class='ocrx_word' id='word_1_9' title='bbox 905 214 934 265; x_wconf 80' lang='grc' dir='ltr'>ὁ</span> <span class='ocrx_word' id='word_1_10' title='bbox 969 210 1241 275; x_wconf 74' lang='grc' dir='ltr'>βασιλεῦς.</span> <span class='ocrx_word' id='word_1_11' title='bbox 1284 213 1447 263; x_wconf 78' lang='grc' dir='ltr'>οὔκων</span> <span class='ocrx_word' id='word_1_12' title='bbox 1472 211 1541 278; x_wconf 85' lang='grc' dir='ltr'>δὴ</span> <span class='ocrx_word' id='word_1_13' title='bbox 1566 214 1947 284; x_wconf 74' lang='grc' dir='ltr'>Ἰνταφέρνης</span> 
     </span>
     <span class='ocr_line' id='line_1_4' title="bbox 309 287 1941 360; baseline 0.002 -17"><span class='ocrx_word' id='word_1_14' title='bbox 309 291 526 343; x_wconf 77' lang='grc' dir='ltr'>ἐδικαίευ</span> <span class='ocrx_word' id='word_1_15' title='bbox 565 290 744 343; x_wconf 84' lang='grc' dir='ltr'>οὐδένα</span> <span class='ocrx_word' id='word_1_16' title='bbox 783 292 833 342; x_wconf 80' lang='grc' dir='ltr'>οἶ</span> <span class='ocrx_word' id='word_1_17' title='bbox 875 290 1193 360; x_wconf 79' lang='grc' dir='ltr'>ἐσαγγεῖλαι·</span> <span class='ocrx_word' id='word_1_18' title='bbox 1238 288 1376 349; x_wconf 85' lang='grc' dir='ltr'>ἀλλ’,</span> <span class='ocrx_word' id='word_1_19' title='bbox 1407 287 1486 340; x_wconf 83' lang='grc' dir='ltr'>ὅτι</span> <span class='ocrx_word' id='word_1_20' title='bbox 1515 287 1584 355; x_wconf 81' lang='grc' dir='ltr'>ἦν</span> <span class='ocrx_word' id='word_1_21' title='bbox 1610 296 1749 343; x_wconf 78' lang='grc' dir='ltr'>τῶν</span> <span class='ocrx_word' id='word_1_22' title='bbox 1794 294 1941 346; x_wconf 78' lang='grc' dir='ltr'>ἑπτὰ.</span> 
     </span>
     <span class='ocr_line' id='line_1_5' title="bbox 311 366 1939 439; baseline -0.001 -18"><span class='ocrx_word' id='word_1_23' title='bbox 311 368 499 421; x_wconf 75' lang='grc' dir='ltr'>ἐσιέναι</span> <span class='ocrx_word' id='word_1_24' title='bbox 535 367 707 435; x_wconf 75' lang='grc' dir='ltr'>ἤθελε.</span> <span class='ocrx_word' id='word_1_25' title='bbox 765 370 794 420; x_wconf 88' lang='grc' dir='ltr'>ὁ</span> <span class='ocrx_word' id='word_1_26' title='bbox 835 368 890 420; x_wconf 75' lang='grc' dir='ltr'>δὲ</span> <span class='ocrx_word' id='word_1_27' title='bbox 928 368 1189 437; x_wconf 76' lang='grc' dir='ltr'>πυλουρὸς</span> <span class='ocrx_word' id='word_1_28' title='bbox 1222 367 1304 419; x_wconf 83' lang='grc' dir='ltr'>καὶ</span> <span class='ocrx_word' id='word_1_29' title='bbox 1337 369 1368 418; x_wconf 83' lang='grc' dir='ltr'>ὁ</span> <span class='ocrx_word' id='word_1_30' title='bbox 1404 366 1855 439; x_wconf 75' lang='grc' dir='ltr'>ἀγγελιηφόρος</span> <span class='ocrx_word' id='word_1_31' title='bbox 1890 371 1939 421; x_wconf 84' lang='grc' dir='ltr'>σι’·</span> 
     </span>
     <span class='ocr_line' id='line_1_6' title="bbox 271 444 1941 516; baseline -0.001 -18"><span class='ocrx_word' id='word_1_32' title='bbox 271 447 604 515; x_wconf 62' lang='grc' dir='ltr'>ιπεριῶρεον,</span> <span class='ocrx_word' id='word_1_33' title='bbox 633 446 854 514; x_wconf 82' lang='grc' dir='ltr'>φάμενοι</span> <span class='ocrx_word' id='word_1_34' title='bbox 888 446 978 497; x_wconf 85' lang='grc' dir='ltr'>τὸν</span> <span class='ocrx_word' id='word_1_35' title='bbox 1011 445 1241 509; x_wconf 78' lang='grc' dir='ltr'>βασιλέα</span> <span class='ocrx_word' id='word_1_36' title='bbox 1273 444 1472 514; x_wconf 81' lang='grc' dir='ltr'>γυναικὶ</span> <span class='ocrx_word' id='word_1_37' title='bbox 1504 444 1876 516; x_wconf 75' lang='grc' dir='ltr'>μίσγεσθαι.</span> <span class='ocrx_word' id='word_1_38' title='bbox 1918 450 1941 499; x_wconf 82' lang='grc' dir='ltr'><strong><em>ὁ</em></strong></span> 
     </span>
     <span class='ocr_line' id='line_1_7' title="bbox 311 520 1939 593; baseline -0.001 -16"><span class='ocrx_word' id='word_1_39' title='bbox 311 524 368 577; x_wconf 76' lang='grc' dir='ltr'>δέ</span> <span class='ocrx_word' id='word_1_40' title='bbox 412 522 753 593; x_wconf 79' lang='grc' dir='ltr'>Ἰνταφέρνης,</span> <span class='ocrx_word' id='word_1_41' title='bbox 799 522 986 575; x_wconf 82' lang='grc' dir='ltr'>δοκέων</span> <span class='ocrx_word' id='word_1_42' title='bbox 1034 522 1204 592; x_wconf 83' lang='grc' dir='ltr'>σφέας</span> <span class='ocrx_word' id='word_1_43' title='bbox 1247 520 1445 593; x_wconf 77' lang='grc' dir='ltr'>ψεύδεα</span> <span class='ocrx_word' id='word_1_44' title='bbox 1490 523 1703 593; x_wconf 81' lang='grc' dir='ltr'>λέγειν,</span> <span class='ocrx_word' id='word_1_45' title='bbox 1766 526 1939 579; x_wconf 79' lang='grc' dir='ltr'>ποιέει</span> 
     </span>
     <span class='ocr_line' id='line_1_8' title="bbox 311 600 1939 668; baseline 0 -15"><span class='ocrx_word' id='word_1_46' title='bbox 311 602 500 655; x_wconf 88' lang='grc' dir='ltr'>τοιάδε·</span> <span class='ocrx_word' id='word_1_47' title='bbox 546 602 875 668; x_wconf 77' lang='grc' dir='ltr'>πασάμενος</span> <span class='ocrx_word' id='word_1_48' title='bbox 908 601 1000 652; x_wconf 84' lang='grc' dir='ltr'>τὸν</span> <span class='ocrx_word' id='word_1_49' title='bbox 1034 601 1283 659; x_wconf 81' lang='grc' dir='ltr'>ἀκινάκεα,</span> <span class='ocrx_word' id='word_1_50' title='bbox 1312 600 1599 666; x_wconf 82' lang='grc' dir='ltr'>ἀποτάμνει</span> <span class='ocrx_word' id='word_1_51' title='bbox 1636 603 1843 655; x_wconf 78' lang='grc' dir='ltr'>αὐτῶν</span> <span class='ocrx_word' id='word_1_52' title='bbox 1882 606 1939 653; x_wconf 84' lang='grc' dir='ltr'>τά</span> 
     </span>
     <span class='ocr_line' id='line_1_9' title="bbox 312 678 1940 749; baseline 0 -18"><span class='ocrx_word' id='word_1_53' title='bbox 312 700 370 731; x_wconf 88' lang='grc' dir='ltr'>τε</span> <span class='ocrx_word' id='word_1_54' title='bbox 396 678 499 732; x_wconf 76' lang='grc' dir='ltr'>ὦτα</span> <span class='ocrx_word' id='word_1_55' title='bbox 525 680 607 731; x_wconf 82' lang='grc' dir='ltr'>καὶ</span> <span class='ocrx_word' id='word_1_56' title='bbox 632 680 722 733; x_wconf 82' lang='grc' dir='ltr'>τὰς</span> <span class='ocrx_word' id='word_1_57' title='bbox 745 678 900 749; x_wconf 82' lang='grc' dir='ltr'>ῥῖνας·</span> <span class='ocrx_word' id='word_1_58' title='bbox 944 678 1027 730; x_wconf 78' lang='grc' dir='ltr'>καὶ</span> <span class='ocrx_word' id='word_1_59' title='bbox 1062 678 1261 747; x_wconf 80' lang='grc' dir='ltr'>ἀνείρας</span> <span class='ocrx_word' id='word_1_60' title='bbox 1294 678 1410 747; x_wconf 81' lang='grc' dir='ltr'>περὶ</span> <span class='ocrx_word' id='word_1_61' title='bbox 1437 679 1527 729; x_wconf 88' lang='grc' dir='ltr'>τὸν</span> <span class='ocrx_word' id='word_1_62' title='bbox 1554 682 1815 747; x_wconf 81' lang='grc' dir='ltr'>χαλινὸν</span> <span class='ocrx_word' id='word_1_63' title='bbox 1846 684 1940 733; x_wconf 84' lang='grc' dir='ltr'>τοῦ</span> 
     </span>
     <span class='ocr_line' id='line_1_10' title="bbox 312 753 1934 825; baseline -0.001 -16"><span class='ocrx_word' id='word_1_64' title='bbox 312 753 488 817; x_wconf 74' lang='grc' dir='ltr'>ἵππου,</span> <span class='ocrx_word' id='word_1_65' title='bbox 532 758 650 825; x_wconf 84' lang='grc' dir='ltr'>περὶ</span> <span class='ocrx_word' id='word_1_66' title='bbox 696 755 812 811; x_wconf 82' lang='grc' dir='ltr'>τοὺς</span> <span class='ocrx_word' id='word_1_67' title='bbox 858 754 1073 824; x_wconf 81' lang='grc' dir='ltr'>αὐχένας</span> <span class='ocrx_word' id='word_1_68' title='bbox 1121 755 1302 824; x_wconf 85' lang='grc' dir='ltr'>σφέων</span> <span class='ocrx_word' id='word_1_69' title='bbox 1346 756 1519 821; x_wconf 79' lang='grc' dir='ltr'>ἔδησε,</span> <span class='ocrx_word' id='word_1_70' title='bbox 1575 757 1666 809; x_wconf 82' lang='grc' dir='ltr'>καὶ</span> <span class='ocrx_word' id='word_1_71' title='bbox 1727 759 1934 823; x_wconf 81' lang='grc' dir='ltr'>ἇτι-ἣκε.</span> 
     </span>
     <span class='ocr_line' id='line_1_11' title="bbox 181 826 1933 903; baseline -0.001 -18"><span class='ocrx_word' id='word_1_72' title='bbox 181 840 207 893; x_wconf 84' lang='grc'>1</span> <span class='ocrx_word' id='word_1_73' title='bbox 225 838 295 893; x_wconf 87' lang='grc'>19</span> <span class='ocrx_word' id='word_1_74' title='bbox 313 835 373 885; x_wconf 80' lang='grc' dir='ltr'>Οἱ</span> <span class='ocrx_word' id='word_1_75' title='bbox 413 835 468 886; x_wconf 78' lang='grc' dir='ltr'>δὲ</span> <span class='ocrx_word' id='word_1_76' title='bbox 508 837 579 903; x_wconf 73' lang='grc' dir='ltr'>τῷ</span> <span class='ocrx_word' id='word_1_77' title='bbox 616 831 835 895; x_wconf 84' lang='grc' dir='ltr'>βασιλὲῖ</span> <span class='ocrx_word' id='word_1_78' title='bbox 871 831 1128 885; x_wconf 78' lang='grc' dir='ltr'>δεικνύασι</span> <span class='ocrx_word' id='word_1_79' title='bbox 1168 826 1401 889; x_wconf 76' lang='grc' dir='ltr'>ἑωυτοὺς,</span> <span class='ocrx_word' id='word_1_80' title='bbox 1442 828 1527 881; x_wconf 81' lang='grc' dir='ltr'>καὶ</span> <span class='ocrx_word' id='word_1_81' title='bbox 1584 829 1689 896; x_wconf 77' lang='grc' dir='ltr'>τὴν</span> <span class='ocrx_word' id='word_1_82' title='bbox 1746 832 1933 898; x_wconf 80' lang='grc' dir='ltr'>αἰτίην</span> 
     </span>
     <span class='ocr_line' id='line_1_12' title="bbox 269 904 1931 981; baseline 0.001 -19"><span class='ocrx_word' id='word_1_83' title='bbox 269 930 296 969; x_wconf 79' lang='lat'>2</span> <span class='ocrx_word' id='word_1_84' title='bbox 312 904 471 971; x_wconf 79' lang='grc' dir='ltr'>εἶπον,</span> <span class='ocrx_word' id='word_1_85' title='bbox 500 908 564 961; x_wconf 91' lang='grc' dir='ltr'>δι’</span> <span class='ocrx_word' id='word_1_86' title='bbox 595 906 654 976; x_wconf 81' lang='grc' dir='ltr'>ἣν</span> <span class='ocrx_word' id='word_1_87' title='bbox 679 907 988 964; x_wconf 81' lang='grc' dir='ltr'>πεπονθότες</span> <span class='ocrx_word' id='word_1_88' title='bbox 1005 905 1199 975; x_wconf 78' lang='grc' dir='ltr'>εἴησαν.</span> <span class='ocrx_word' id='word_1_89' title='bbox 1250 911 1461 980; x_wconf 82' lang='grc' dir='ltr'>Δαρεῖος</span> <span class='ocrx_word' id='word_1_90' title='bbox 1488 908 1565 969; x_wconf 80' lang='grc' dir='ltr'>δὲ,</span> <span class='ocrx_word' id='word_1_91' title='bbox 1592 910 1931 981; x_wconf 76' lang='grc' dir='ltr'>ἀρρωδήσας</span> 
     </span>
     <span class='ocr_line' id='line_1_13' title="bbox 308 985 1925 1059; baseline 0.002 -20"><span class='ocrx_word' id='word_1_92' title='bbox 308 986 378 1056; x_wconf 89' lang='grc' dir='ltr'>μὴ</span> <span class='ocrx_word' id='word_1_93' title='bbox 407 990 556 1059; x_wconf 67' lang='grc' dir='ltr'>κοινῷ</span> <span class='ocrx_word' id='word_1_94' title='bbox 579 989 724 1059; x_wconf 74' lang='grc' dir='ltr'>λόγῳ</span> <span class='ocrx_word' id='word_1_95' title='bbox 750 988 800 1039; x_wconf 74' lang='grc' dir='ltr'>οἱ</span> <span class='ocrx_word' id='word_1_96' title='bbox 828 985 886 1053; x_wconf 80' lang='grc' dir='ltr'>ἓξ</span> <span class='ocrx_word' id='word_1_97' title='bbox 910 989 1240 1054; x_wconf 80' lang='grc' dir='ltr'>πεποιηκότες</span> <span class='ocrx_word' id='word_1_98' title='bbox 1274 988 1400 1039; x_wconf 81' lang='grc' dir='ltr'>ἔωσι</span> <span class='ocrx_word' id='word_1_99' title='bbox 1426 989 1611 1046; x_wconf 83' lang='grc' dir='ltr'>ταῦτα,</span> <span class='ocrx_word' id='word_1_100' title='bbox 1643 1010 1925 1056; x_wconf 83' lang='grc' dir='ltr'>μεταπεμ·</span> 
     </span>
     <span class='ocr_line' id='line_1_14' title="bbox 315 1064 1929 1135; baseline -0.001 -17"><span class='ocrx_word' id='word_1_101' title='bbox 315 1068 529 1131; x_wconf 87' lang='grc' dir='ltr'>πόμενος</span> <span class='ocrx_word' id='word_1_102' title='bbox 555 1064 642 1118; x_wconf 80' lang='grc' dir='ltr'>ἕνα</span> <span class='ocrx_word' id='word_1_103' title='bbox 668 1064 903 1125; x_wconf 81' lang='grc' dir='ltr'>ἕκαστον,</span> <span class='ocrx_word' id='word_1_104' title='bbox 933 1065 1241 1135; x_wconf 81' lang='grc' dir='ltr'>ἀπεπειρᾶτο</span> <span class='ocrx_word' id='word_1_105' title='bbox 1274 1066 1493 1134; x_wconf 82' lang='grc' dir='ltr'>γνώμης,</span> <span class='ocrx_word' id='word_1_106' title='bbox 1523 1064 1571 1116; x_wconf 82' lang='grc' dir='ltr'>εἶ</span> <span class='ocrx_word' id='word_1_107' title='bbox 1604 1066 1929 1119; x_wconf 85' lang='grc' dir='ltr'>συνέπαινοί</span> 
     </span>
     <span class='ocr_line' id='line_1_15' title="bbox 272 1142 1927 1215; baseline 0 -20"><span class='ocrx_word' id='word_1_108' title='bbox 272 1160 296 1200; x_wconf 76' lang='lat'><em>8</em></span> <span class='ocrx_word' id='word_1_109' title='bbox 312 1142 416 1195; x_wconf 81' lang='grc' dir='ltr'>εἶσι</span> <span class='ocrx_word' id='word_1_110' title='bbox 442 1144 513 1215; x_wconf 74' lang='grc' dir='ltr'>τῷ</span> <span class='ocrx_word' id='word_1_111' title='bbox 537 1143 875 1215; x_wconf 79' lang='grc' dir='ltr'>πεποιημένῳ.</span> <span class='ocrx_word' id='word_1_112' title='bbox 913 1143 1025 1196; x_wconf 87' lang='grc' dir='ltr'>ἐπεί</span> <span class='ocrx_word' id='word_1_113' title='bbox 1049 1164 1103 1195; x_wconf 89' lang='grc' dir='ltr'>τε</span> <span class='ocrx_word' id='word_1_114' title='bbox 1132 1142 1187 1195; x_wconf 78' lang='grc' dir='ltr'>δὲ</span> <span class='ocrx_word' id='word_1_115' title='bbox 1214 1142 1425 1210; x_wconf 81' lang='grc' dir='ltr'>ἐξέμαθε</span> <span class='ocrx_word' id='word_1_116' title='bbox 1450 1142 1521 1195; x_wconf 81' lang='grc' dir='ltr'>ὧς</span> <span class='ocrx_word' id='word_1_117' title='bbox 1547 1142 1615 1194; x_wconf 82' lang='grc' dir='ltr'>οὖ</span> <span class='ocrx_word' id='word_1_118' title='bbox 1646 1144 1758 1197; x_wconf 82' lang='grc' dir='ltr'>σὺν</span> <span class='ocrx_word' id='word_1_119' title='bbox 1785 1144 1927 1197; x_wconf 80' lang='grc' dir='ltr'>ἐκεί-</span> 
     </span>
     <span class='ocr_line' id='line_1_16' title="bbox 313 1218 1927 1291; baseline -0.001 -17"><span class='ocrx_word' id='word_1_120' title='bbox 313 1242 449 1274; x_wconf 90' lang='grc' dir='ltr'>νοισι</span> <span class='ocrx_word' id='word_1_121' title='bbox 474 1218 550 1287; x_wconf 78' lang='grc' dir='ltr'>εἴη</span> <span class='ocrx_word' id='word_1_122' title='bbox 570 1224 729 1273; x_wconf 85' lang='grc' dir='ltr'>ταῦτα</span> <span class='ocrx_word' id='word_1_123' title='bbox 753 1222 1056 1287; x_wconf 85' lang='grc' dir='ltr'>πεποιηκὼς,</span> <span class='ocrx_word' id='word_1_124' title='bbox 1075 1221 1241 1284; x_wconf 79' lang='grc' dir='ltr'>ἔλαβε</span> <span class='ocrx_word' id='word_1_125' title='bbox 1267 1220 1420 1272; x_wconf 79' lang='grc' dir='ltr'>αὐτόν</span> <span class='ocrx_word' id='word_1_126' title='bbox 1437 1240 1496 1272; x_wconf 88' lang='grc' dir='ltr'>τε</span> <span class='ocrx_word' id='word_1_127' title='bbox 1522 1221 1618 1273; x_wconf 83' lang='grc' dir='ltr'>τὸν</span> <span class='ocrx_word' id='word_1_128' title='bbox 1632 1220 1927 1291; x_wconf 82' lang='grc' dir='ltr'>Ἰνταφέρ-</span> 
     </span>
     <span class='ocr_line' id='line_1_17' title="bbox 314 1292 1923 1364; baseline 0.001 -12"><span class='ocrx_word' id='word_1_129' title='bbox 314 1321 417 1359; x_wconf 89' lang='grc' dir='ltr'>νεα,</span> <span class='ocrx_word' id='word_1_130' title='bbox 446 1300 529 1352; x_wconf 87' lang='grc' dir='ltr'>καὶ</span> <span class='ocrx_word' id='word_1_131' title='bbox 566 1298 685 1354; x_wconf 80' lang='grc' dir='ltr'>τοὺς</span> <span class='ocrx_word' id='word_1_132' title='bbox 723 1300 906 1353; x_wconf 88' lang='grc' dir='ltr'>παῖδας</span> <span class='ocrx_word' id='word_1_133' title='bbox 940 1298 1114 1358; x_wconf 76' lang='grc' dir='ltr'>αὐτοῦ,</span> <span class='ocrx_word' id='word_1_134' title='bbox 1144 1298 1226 1351; x_wconf 83' lang='grc' dir='ltr'>καὶ</span> <span class='ocrx_word' id='word_1_135' title='bbox 1261 1297 1381 1351; x_wconf 84' lang='grc' dir='ltr'>τοὺς</span> <span class='ocrx_word' id='word_1_136' title='bbox 1416 1292 1648 1364; x_wconf 81' lang='grc' dir='ltr'>οἷκηΐους</span> <span class='ocrx_word' id='word_1_137' title='bbox 1693 1302 1923 1353; x_wconf 78' lang='grc' dir='ltr'>πάντας·</span> 
     </span>
     <span class='ocr_line' id='line_1_18' title="bbox 315 1369 1919 1445; baseline -0.002 -14"><span class='ocrx_word' id='word_1_138' title='bbox 315 1377 530 1432; x_wconf 77' lang='grc' dir='ltr'>ἐλπίδας</span> <span class='ocrx_word' id='word_1_139' title='bbox 555 1377 758 1432; x_wconf 77' lang='grc' dir='ltr'>πολλὰς</span> <span class='ocrx_word' id='word_1_140' title='bbox 793 1378 926 1445; x_wconf 79' lang='grc' dir='ltr'>ἔχων</span> <span class='ocrx_word' id='word_1_141' title='bbox 951 1369 1079 1445; x_wconf 77' lang='grc' dir='ltr'>μετὰ</span> <span class='ocrx_word' id='word_1_142' title='bbox 1113 1381 1214 1429; x_wconf 76' lang='grc' dir='ltr'>τῶν</span> <span class='ocrx_word' id='word_1_143' title='bbox 1248 1374 1541 1445; x_wconf 83' lang='grc' dir='ltr'>συγγενέων</span> <span class='ocrx_word' id='word_1_144' title='bbox 1565 1397 1663 1442; x_wconf 85' lang='grc' dir='ltr'>μιν</span> <span class='ocrx_word' id='word_1_145' title='bbox 1692 1377 1919 1441; x_wconf 83' lang='grc' dir='ltr'>ἐπιβου-</span> 
     </span>
     <span class='ocr_line' id='line_1_19' title="bbox 316 1454 1923 1523; baseline -0.002 -15"><span class='ocrx_word' id='word_1_146' title='bbox 316 1454 484 1508; x_wconf 78' lang='grc' dir='ltr'>λεύειν</span> <span class='ocrx_word' id='word_1_147' title='bbox 509 1456 558 1508; x_wconf 81' lang='lat'>01</span> <span class='ocrx_word' id='word_1_148' title='bbox 595 1455 958 1508; x_wconf 78' lang='grc' dir='ltr'>ἐπανάστασιν·</span> <span class='ocrx_word' id='word_1_149' title='bbox 1006 1455 1291 1518; x_wconf 81' lang='grc' dir='ltr'>συλλαβὼν</span> <span class='ocrx_word' id='word_1_150' title='bbox 1317 1454 1375 1507; x_wconf 88' lang='grc' dir='ltr'>δέ</span> <span class='ocrx_word' id='word_1_151' title='bbox 1405 1454 1596 1523; x_wconf 88' lang='grc' dir='ltr'>σφεας,</span> <span class='ocrx_word' id='word_1_152' title='bbox 1630 1456 1799 1522; x_wconf 78' lang='grc' dir='ltr'>ἔδησε</span> <span class='ocrx_word' id='word_1_153' title='bbox 1823 1454 1923 1521; x_wconf 78' lang='grc' dir='ltr'>τὴν</span> 
     </span>
     <span class='ocr_line' id='line_1_20' title="bbox 274 1531 1915 1605; baseline -0.001 -19"><span class='ocrx_word' id='word_1_154' title='bbox 274 1546 301 1586; x_wconf 73' lang='lat'><em>4</em></span> <span class='ocrx_word' id='word_1_155' title='bbox 317 1533 400 1586; x_wconf 81' lang='grc' dir='ltr'>ἐπὶ</span> <span class='ocrx_word' id='word_1_156' title='bbox 440 1533 656 1605; x_wconf 78' lang='grc' dir='ltr'>θανάτῳ.</span> <span class='ocrx_word' id='word_1_157' title='bbox 737 1531 806 1585; x_wconf 86' lang='lat' dir='ltr'>‘H</span> <span class='ocrx_word' id='word_1_158' title='bbox 843 1533 900 1586; x_wconf 75' lang='grc' dir='ltr'>δὲ</span> <span class='ocrx_word' id='word_1_159' title='bbox 933 1532 1060 1603; x_wconf 85' lang='grc' dir='ltr'>γυνὴ</span> <span class='ocrx_word' id='word_1_160' title='bbox 1096 1535 1189 1585; x_wconf 87' lang='grc' dir='ltr'>τοῦ</span> <span class='ocrx_word' id='word_1_161' title='bbox 1220 1531 1574 1601; x_wconf 84' lang='grc' dir='ltr'>Ἰνταφέρνεος</span> <span class='ocrx_word' id='word_1_162' title='bbox 1611 1533 1915 1602; x_wconf 87' lang='grc' dir='ltr'>φοιτέουσα</span> 
     </span>
     <span class='ocr_line' id='line_1_21' title="bbox 317 1608 1911 1681; baseline -0.002 -16"><span class='ocrx_word' id='word_1_163' title='bbox 317 1611 400 1665; x_wconf 81' lang='grc' dir='ltr'>ἐπὶ</span> <span class='ocrx_word' id='word_1_164' title='bbox 439 1612 530 1665; x_wconf 83' lang='grc' dir='ltr'>τὰς</span> <span class='ocrx_word' id='word_1_165' title='bbox 569 1609 723 1681; x_wconf 77' lang='grc' dir='ltr'>θύρας</span> <span class='ocrx_word' id='word_1_166' title='bbox 761 1613 852 1662; x_wconf 84' lang='grc' dir='ltr'>τοῦ</span> <span class='ocrx_word' id='word_1_167' title='bbox 890 1611 1162 1673; x_wconf 81' lang='grc' dir='ltr'>βασιλέος,</span> <span class='ocrx_word' id='word_1_168' title='bbox 1204 1608 1446 1661; x_wconf 83' lang='grc' dir='ltr'>κλαίεσκε</span> <span class='ocrx_word' id='word_1_169' title='bbox 1486 1608 1552 1661; x_wconf 80' lang='grc' dir='ltr'>ἂν</span> <span class='ocrx_word' id='word_1_170' title='bbox 1592 1612 1685 1663; x_wconf 80' lang='grc' dir='ltr'>καὶ</span> <span class='ocrx_word' id='word_1_171' title='bbox 1730 1610 1911 1681; x_wconf 77' lang='grc' dir='ltr'>ὀδυρέ-</span> 
     </span>
     <span class='ocr_line' id='line_1_22' title="bbox 318 1687 1911 1757; baseline -0.002 -15"><span class='ocrx_word' id='word_1_172' title='bbox 318 1701 492 1742; x_wconf 86' lang='grc' dir='ltr'>σκετο·</span> <span class='ocrx_word' id='word_1_173' title='bbox 526 1692 745 1742; x_wconf 87' lang='grc' dir='ltr'>ποιεῦσα</span> <span class='ocrx_word' id='word_1_174' title='bbox 772 1688 827 1741; x_wconf 78' lang='grc' dir='ltr'>δὲ</span> <span class='ocrx_word' id='word_1_175' title='bbox 855 1687 952 1741; x_wconf 63' lang='lat' dir='ltr'>alei</span> <span class='ocrx_word' id='word_1_176' title='bbox 977 1689 1142 1741; x_wconf 80' lang='grc' dir='ltr'>τώυτὸ</span> <span class='ocrx_word' id='word_1_177' title='bbox 1168 1690 1338 1751; x_wconf 82' lang='grc' dir='ltr'>τοῦτο,</span> <span class='ocrx_word' id='word_1_178' title='bbox 1361 1689 1450 1741; x_wconf 85' lang='grc' dir='ltr'>τὸν</span> <span class='ocrx_word' id='word_1_179' title='bbox 1476 1690 1708 1757; x_wconf 69' lang='grc' dir='ltr'>ραρεῖον</span> <span class='ocrx_word' id='word_1_180' title='bbox 1734 1691 1911 1743; x_wconf 75' lang='grc' dir='ltr'>ἔπεισε</span> 
     </span>
     <span class='ocr_line' id='line_1_23' title="bbox 276 1764 1960 1837; baseline 0.001 -19"><span class='ocrx_word' id='word_1_181' title='bbox 276 1766 572 1837; x_wconf 68' lang='grc' dir='ltr'>δοῖκτεῖραί.</span> <span class='ocrx_word' id='word_1_182' title='bbox 594 1788 698 1834; x_wconf 85' lang='grc' dir='ltr'>μιν.</span> <span class='ocrx_word' id='word_1_183' title='bbox 755 1765 967 1835; x_wconf 81' lang='grc' dir='ltr'>πέμψας</span> <span class='ocrx_word' id='word_1_184' title='bbox 1008 1767 1063 1819; x_wconf 76' lang='grc' dir='ltr'>δὲ</span> <span class='ocrx_word' id='word_1_185' title='bbox 1104 1766 1345 1836; x_wconf 78' lang='grc' dir='ltr'>ἄγγελον,</span> <span class='ocrx_word' id='word_1_186' title='bbox 1388 1766 1547 1832; x_wconf 76' lang='grc' dir='ltr'>ἔλεγε</span> <span class='ocrx_word' id='word_1_187' title='bbox 1584 1767 1739 1819; x_wconf 80' lang='grc' dir='ltr'>τάδε·</span> <span class='ocrx_word' id='word_1_188' title='bbox 1798 1764 1913 1819; x_wconf 81' lang='grc' dir='ltr'>“Ὠ</span> <span class='ocrx_word' id='word_1_189' title='bbox 1959 1806 1960 1826; x_wconf 58' lang='grc'>,</span> 
     </span>
     <span class='ocr_line' id='line_1_24' title="bbox 315 1841 1919 1914; baseline 0.001 -20"><span class='ocrx_word' id='word_1_190' title='bbox 315 1842 480 1914; x_wconf 81' lang='grc' dir='ltr'>γύναι,</span> <span class='ocrx_word' id='word_1_191' title='bbox 517 1841 770 1908; x_wconf 80' lang='grc' dir='ltr'>βασιλεύς</span> <span class='ocrx_word' id='word_1_192' title='bbox 809 1865 889 1896; x_wconf 86' lang='grc' dir='ltr'>τοι</span> <span class='ocrx_word' id='word_1_193' title='bbox 929 1846 1143 1914; x_wconf 80' lang='grc' dir='ltr'>Δαρεῖος</span> <span class='ocrx_word' id='word_1_194' title='bbox 1182 1844 1316 1897; x_wconf 86' lang='grc' dir='ltr'>διδοῖ</span> <span class='ocrx_word' id='word_1_195' title='bbox 1354 1842 1440 1895; x_wconf 80' lang='grc' dir='ltr'>ἕνα</span> <span class='ocrx_word' id='word_1_196' title='bbox 1478 1847 1583 1895; x_wconf 81' lang='grc' dir='ltr'>τῶν</span> <span class='ocrx_word' id='word_1_197' title='bbox 1623 1844 1919 1912; x_wconf 80' lang='grc' dir='ltr'>δεδεμένων</span> 
     </span>
     <span class='ocr_line' id='line_1_25' title="bbox 275 1914 1915 1991; baseline 0.003 -21"><span class='ocrx_word' id='word_1_198' title='bbox 275 1914 519 1986; x_wconf 71' lang='grc' dir='ltr'>οοῖκηΐων</span> <span class='ocrx_word' id='word_1_199' title='bbox 563 1920 842 1991; x_wconf 79' lang='grc' dir='ltr'>ῥύσασθαι,</span> <span class='ocrx_word' id='word_1_200' title='bbox 884 1923 974 1975; x_wconf 87' lang='grc' dir='ltr'>τὸν</span> <span class='ocrx_word' id='word_1_201' title='bbox 1015 1920 1231 1986; x_wconf 76' lang='grc' dir='ltr'>βούλεαι</span> <span class='ocrx_word' id='word_1_202' title='bbox 1273 1921 1327 1973; x_wconf 89' lang='grc' dir='ltr'>ἐκ</span> <span class='ocrx_word' id='word_1_203' title='bbox 1364 1917 1631 1974; x_wconf 73' lang='grc' dir='ltr'>πάντων.”</span> <span class='ocrx_word' id='word_1_204' title='bbox 1723 1921 1799 1975; x_wconf 82' lang='lat' dir='ltr'>‘H</span> <span class='ocrx_word' id='word_1_205' title='bbox 1840 1925 1915 1982; x_wconf 78' lang='grc' dir='ltr'>δὲ,</span> 
     </span>
     <span class='ocr_line' id='line_1_26' title="bbox 315 1996 1919 2069; baseline 0.002 -20"><span class='ocrx_word' id='word_1_206' title='bbox 315 1998 722 2067; x_wconf 86' lang='grc' dir='ltr'>βουλευσαμένη,</span> <span class='ocrx_word' id='word_1_207' title='bbox 753 1999 1053 2069; x_wconf 82' lang='grc' dir='ltr'>ὑπεκρίνατο</span> <span class='ocrx_word' id='word_1_208' title='bbox 1089 2000 1228 2053; x_wconf 86' lang='grc' dir='ltr'>τάδε·</span> <span class='ocrx_word' id='word_1_209' title='bbox 1276 2002 1312 2025; x_wconf 82' lang='grc'><strong>“</strong></span> <span class='ocrx_word' id='word_1_210' title='bbox 1331 1997 1395 2051; x_wconf 78' lang='grc' dir='ltr'>Εἴ</span> <span class='ocrx_word' id='word_1_211' title='bbox 1431 1999 1523 2067; x_wconf 80' lang='grc' dir='ltr'>μὲν</span> <span class='ocrx_word' id='word_1_212' title='bbox 1550 1996 1613 2065; x_wconf 78' lang='grc' dir='ltr'>δή</span> <span class='ocrx_word' id='word_1_213' title='bbox 1640 2020 1740 2065; x_wconf 88' lang='grc' dir='ltr'>μοι</span> <span class='ocrx_word' id='word_1_214' title='bbox 1778 2002 1919 2053; x_wconf 80' lang='grc' dir='ltr'>διδοῖ</span> 
     </span>
     <span class='ocr_line' id='line_1_27' title="bbox 316 2077 1907 2148; baseline 0.001 -18"><span class='ocrx_word' id='word_1_215' title='bbox 316 2077 567 2142; x_wconf 82' lang='grc' dir='ltr'>βασιλεὺς</span> <span class='ocrx_word' id='word_1_216' title='bbox 594 2078 704 2132; x_wconf 78' lang='grc' dir='ltr'>ἑνὸς</span> <span class='ocrx_word' id='word_1_217' title='bbox 728 2077 820 2144; x_wconf 85' lang='grc' dir='ltr'>τὴν</span> <span class='ocrx_word' id='word_1_218' title='bbox 845 2078 1044 2148; x_wconf 77' lang='grc' dir='ltr'>ψυχὴν,</span> <span class='ocrx_word' id='word_1_219' title='bbox 1062 2078 1291 2147; x_wconf 75' lang='grc' dir='ltr'>αἱρέομαι</span> <span class='ocrx_word' id='word_1_220' title='bbox 1318 2077 1373 2129; x_wconf 87' lang='grc' dir='ltr'>ἐκ</span> <span class='ocrx_word' id='word_1_221' title='bbox 1398 2078 1601 2129; x_wconf 73' lang='grc' dir='ltr'>πάντων</span> <span class='ocrx_word' id='word_1_222' title='bbox 1627 2079 1728 2129; x_wconf 86' lang='grc' dir='ltr'>τὸν</span> <span class='ocrx_word' id='word_1_223' title='bbox 1752 2078 1907 2131; x_wconf 80' lang='grc' dir='ltr'>ἀδελ-</span> 
     </span>
     <span class='ocr_line' id='line_1_28' title="bbox 278 2151 1956 2225; baseline -0.001 -16"><span class='ocrx_word' id='word_1_224' title='bbox 278 2169 304 2214; x_wconf 76' lang='grc' dir='ltr'><em>Ὶ</em></span> <span class='ocrx_word' id='word_1_225' title='bbox 319 2151 508 2225; x_wconf 84' lang='grc' dir='ltr'>φεόν.”</span> <span class='ocrx_word' id='word_1_226' title='bbox 590 2155 884 2222; x_wconf 88' lang='grc' dir='ltr'>Πυθόμενος</span> <span class='ocrx_word' id='word_1_227' title='bbox 925 2156 982 2207; x_wconf 79' lang='grc' dir='ltr'>δὲ</span> <span class='ocrx_word' id='word_1_228' title='bbox 1026 2158 1237 2225; x_wconf 81' lang='grc' dir='ltr'>Δαρεῖος</span> <span class='ocrx_word' id='word_1_229' title='bbox 1282 2158 1457 2213; x_wconf 86' lang='grc' dir='ltr'>ταῦτα,</span> <span class='ocrx_word' id='word_1_230' title='bbox 1500 2155 1585 2206; x_wconf 78' lang='grc' dir='ltr'>καὶ</span> <span class='ocrx_word' id='word_1_231' title='bbox 1625 2152 1907 2222; x_wconf 82' lang='grc' dir='ltr'>θωυμάσας</span> <span class='ocrx_word' id='word_1_232' title='bbox 1955 2154 1956 2161; x_wconf 43' lang='grc'><strong>“</strong></span> 
     </span>
     <span class='ocr_line' id='line_1_29' title="bbox 315 2228 1905 2303; baseline 0.001 -18"><span class='ocrx_word' id='word_1_233' title='bbox 315 2236 405 2285; x_wconf 85' lang='grc' dir='ltr'>τὸν</span> <span class='ocrx_word' id='word_1_234' title='bbox 449 2234 626 2301; x_wconf 88' lang='grc' dir='ltr'>λόγον,</span> <span class='ocrx_word' id='word_1_235' title='bbox 671 2233 884 2302; x_wconf 81' lang='grc' dir='ltr'>πέμψας</span> <span class='ocrx_word' id='word_1_236' title='bbox 929 2230 1161 2303; x_wconf 83' lang='grc' dir='ltr'>ἠγόρευε·</span> <span class='ocrx_word' id='word_1_237' title='bbox 1226 2228 1345 2284; x_wconf 80' lang='grc' dir='ltr'>“Ὠ</span> <span class='ocrx_word' id='word_1_238' title='bbox 1390 2228 1554 2302; x_wconf 72' lang='grc' dir='ltr'>γύναι,</span> <span class='ocrx_word' id='word_1_239' title='bbox 1605 2230 1796 2302; x_wconf 71' lang='grc' dir='ltr'>εἰρωτᾷ</span> <span class='ocrx_word' id='word_1_240' title='bbox 1844 2255 1905 2287; x_wconf 89' lang='grc' dir='ltr'>σε</span> 
     </span>
     <span class='ocr_line' id='line_1_30' title="bbox 313 2309 1902 2380; baseline 0.003 -21"><span class='ocrx_word' id='word_1_241' title='bbox 313 2310 583 2370; x_wconf 82' lang='grc' dir='ltr'>βασιλεὺς,</span> <span class='ocrx_word' id='word_1_242' title='bbox 627 2309 738 2361; x_wconf 89' lang='grc' dir='ltr'>τίνα</span> <span class='ocrx_word' id='word_1_243' title='bbox 778 2311 975 2377; x_wconf 77' lang='grc' dir='ltr'>ἔχουσα</span> <span class='ocrx_word' id='word_1_244' title='bbox 1014 2312 1235 2380; x_wconf 82' lang='grc' dir='ltr'>γνώμην,</span> <span class='ocrx_word' id='word_1_245' title='bbox 1278 2311 1367 2364; x_wconf 84' lang='grc' dir='ltr'>τὸν</span> <span class='ocrx_word' id='word_1_246' title='bbox 1406 2309 1563 2380; x_wconf 75' lang='grc' dir='ltr'>ἄνδρα</span> <span class='ocrx_word' id='word_1_247' title='bbox 1608 2329 1669 2362; x_wconf 87' lang='grc' dir='ltr'>τε</span> <span class='ocrx_word' id='word_1_248' title='bbox 1719 2311 1802 2363; x_wconf 83' lang='grc' dir='ltr'>καὶ</span> <span class='ocrx_word' id='word_1_249' title='bbox 1842 2312 1902 2364; x_wconf 79' lang='grc' dir='ltr'>τὰ</span> 
     </span>
     <span class='ocr_line' id='line_1_31' title="bbox 313 2383 1896 2457; baseline 0.006 -26"><span class='ocrx_word' id='word_1_250' title='bbox 313 2383 461 2433; x_wconf 86' lang='grc' dir='ltr'>τέκνα</span> <span class='ocrx_word' id='word_1_251' title='bbox 488 2384 920 2452; x_wconf 84' lang='grc' dir='ltr'>ἐγκαταλιποῦσα,</span> <span class='ocrx_word' id='word_1_252' title='bbox 950 2389 1042 2440; x_wconf 86' lang='grc' dir='ltr'>τὸν</span> <span class='ocrx_word' id='word_1_253' title='bbox 1067 2388 1326 2457; x_wconf 86' lang='grc' dir='ltr'>ἀδελφεὸν</span> <span class='ocrx_word' id='word_1_254' title='bbox 1350 2384 1495 2441; x_wconf 81' lang='grc' dir='ltr'>εἵλευ</span> <span class='ocrx_word' id='word_1_255' title='bbox 1520 2389 1777 2457; x_wconf 79' lang='grc' dir='ltr'>περιεῖναί</span> <span class='ocrx_word' id='word_1_256' title='bbox 1796 2402 1896 2441; x_wconf 85' lang='grc' dir='ltr'>τοι·</span> 
     </span>
     <span class='ocr_line' id='line_1_32' title="bbox 313 2451 1899 2535; baseline 0.009 -30"><span class='ocrx_word' id='word_1_257' title='bbox 313 2451 371 2505; x_wconf 81' lang='grc' dir='ltr'>ὃς</span> <span class='ocrx_word' id='word_1_258' title='bbox 396 2458 479 2508; x_wconf 83' lang='grc' dir='ltr'>καὶ</span> <span class='ocrx_word' id='word_1_259' title='bbox 504 2458 913 2530; x_wconf 81' lang='grc' dir='ltr'>ἀλλοτριώτατός</span> <span class='ocrx_word' id='word_1_260' title='bbox 947 2484 1031 2516; x_wconf 88' lang='grc' dir='ltr'>τοι</span> <span class='ocrx_word' id='word_1_261' title='bbox 1066 2470 1168 2519; x_wconf 87' lang='grc' dir='ltr'>τῶν</span> <span class='ocrx_word' id='word_1_262' title='bbox 1192 2465 1406 2525; x_wconf 85' lang='grc' dir='ltr'>παίδων,</span> <span class='ocrx_word' id='word_1_263' title='bbox 1436 2466 1517 2517; x_wconf 81' lang='grc' dir='ltr'>καὶ</span> <span class='ocrx_word' id='word_1_264' title='bbox 1542 2462 1725 2531; x_wconf 76' lang='grc' dir='ltr'>ἧσσον</span> <span class='ocrx_word' id='word_1_265' title='bbox 1751 2485 1899 2535; x_wconf 85' lang='grc' dir='ltr'>κεχα-</span> 
     </span>
     <span class='ocr_line' id='line_1_33' title="bbox 274 2530 1896 2611; baseline 0.005 -20"><span class='ocrx_word' id='word_1_266' title='bbox 274 2530 551 2591; x_wconf 57' lang='grc' dir='ltr'>οΡωμένος</span> <span class='ocrx_word' id='word_1_267' title='bbox 592 2540 684 2587; x_wconf 86' lang='grc' dir='ltr'>τοῦ</span> <span class='ocrx_word' id='word_1_268' title='bbox 727 2537 910 2607; x_wconf 85' lang='grc' dir='ltr'>ἀνδρός</span> <span class='ocrx_word' id='word_1_269' title='bbox 953 2538 1133 2596; x_wconf 82' lang='grc' dir='ltr'>ἐστι.”</span> <span class='ocrx_word' id='word_1_270' title='bbox 1212 2541 1283 2597; x_wconf 84' lang='grc' dir='ltr'>Ἥ</span> <span class='ocrx_word' id='word_1_271' title='bbox 1327 2542 1372 2595; x_wconf 86' lang='grc' dir='ltr'>δ’</span> <span class='ocrx_word' id='word_1_272' title='bbox 1413 2541 1657 2611; x_wconf 81' lang='grc' dir='ltr'>ἀμείβετο</span> <span class='ocrx_word' id='word_1_273' title='bbox 1700 2545 1896 2599; x_wconf 83' lang='grc' dir='ltr'>τοῖσδε·</span> 
     </span>
    </p>
   </div>
   <div class='ocr_carea' id='block_1_3' title="bbox 1962 1372 1964 1407">
    <p class='ocr_par' dir='ltr' id='par_1_3' title="bbox 1962 1372 1964 1407">
     <span class='ocr_line' id='line_1_34' title="bbox 1962 1372 1964 1407; baseline 0 0"><span class='ocrx_word' id='word_1_274' title='bbox 1962 1372 1964 1407; x_wconf 57' lang='lat'>1</span> 
     </span>
    </p>
   </div>
  </div>
 </body>
</html>
