1975 2892
260 93 375 151 252
847 101 1257 147 ΗΡΟΔΟΤΟΥ

1628 166 1775 213 [κα.
1798 166 1881 205 525.

261 217 326 269 τὰ
351 215 407 269 δὲ
433 218 534 267 τῶν
553 211 778 281 Σιφνίων
801 209 1074 282 πρήγματα
1100 212 1287 280 ἤκμαζε
1312 214 1502 265 τοῦτον
1527 217 1635 265 τὸν
1660 220 1877 283 χρόνον,

263 295 346 347 καὶ
383 290 670 359 νησιωτέων
705 291 938 358 μάλιστα
979 288 1274 352 ἐπλούτεον,
1305 291 1394 343 ἅτε
1428 289 1635 345 ἐόντων
1665 293 1881 344 αὐτοῖσι

264 373 318 425 ἐν
337 374 396 439 τῇ
425 368 567 441 νήσῳ
593 367 832 439 χρυσέων
852 370 934 422 καὶ
959 368 1221 439 ἀργυρέων
1238 369 1531 436 μετάλλων,
1550 366 1709 421 οὕτω
1738 370 1881 422 ὥστε

263 450 365 503 ἀπὸ
405 450 494 516 τῆς
529 448 738 515 δεκάτης
772 452 873 499 τῶν
906 446 1183 517 γινομένων
1220 445 1431 499 αὐτόθεν
1454 448 1761 516 χρημάτων
1790 448 1878 513 θη-
1952 486 1954 495 .

267 528 458 597 σαυρὸς
484 526 540 579 ἐν
567 526 832 595 Δελφοῖσι
866 524 1143 586 ἀνακέεται,
1173 527 1323 592 ὁμοῖα
1348 526 1488 577 τοῖσι
1516 526 1878 579 πλουσιωτά-

265 618 423 659 τοισι·
459 604 604 658 αὐτοὶ
625 604 680 658 δὲ
701 604 766 656 τὰ
789 605 1029 673 γινόμενα
1054 603 1127 675 τῷ
1154 602 1362 674 ἐνιαυτῷ
1388 602 1591 674 ἑκάστῳ
1623 602 1880 673 χρήματα

220 690 247 732 8
269 684 574 753 διενέμοντο.
648 679 774 733 Ὀτε
810 679 878 733 ὧν
905 680 1169 734 ἐποιεῦντο
1193 681 1281 733 τὸν
1308 679 1569 751 θησαυρὸν
1597 680 1877 752 ἐχρέωντο

267 768 339 835 τῴ·
377 758 692 831 χρηστηρίῳ,
735 757 780 810 εἶ
819 758 1027 811 αὐτοῖσι
1066 759 1132 811 τὰ
1169 762 1421 829 παρεόντα
1458 756 1637 828 ἀγαθὰ
1684 756 1778 813 οἷά
1819 758 1879 812 τέ

269 840 382 893 ἐστι
409 837 576 892 πολὺν
599 838 789 906 χρόνον
813 836 1138 907 παραμένειν.
1186 835 1217 903 ἡ
1246 837 1301 891 δὲ
1328 835 1493 903 Πυθίη
1523 837 1739 907 ἔχρησέ
1766 840 1873 907 σφι

267 917 406 969 τάδε’
1046 933 1051 939 ·

229 1005 258 1049 4
341 1004 481 1053 Ἀλλ’
505 1001 623 1051 ὅταν
645 1003 698 1051 ἐν
718 1003 877 1064 Σίφνῳ
898 1000 1160 1065 πρυτανήΐα
1180 1000 1331 1050 λευκὰ
1350 998 1567 1062 γένηται,

341 1064 604 1130 λεύκοφρύς
626 1067 671 1115 τ’
695 1066 862 1129 ἀγορὴ,
886 1066 1004 1117 τότε
1026 1065 1085 1123 δὴ
1108 1068 1184 1113 δεῖ
1200 1062 1460 1129 φράδμονος
1483 1063 1656 1127 ἀνδρὸς

341 1129 645 1196 φράσσασθαι
667 1129 856 1191 ξύλινόν
875 1148 934 1176 τε
955 1128 1113 1191 λόχον
1134 1128 1312 1193 κήρυκά
1331 1131 1377 1177 τ’
1402 1128 1606 1192 ἐρυθρόν.

267 1221 415 1275 Τοῖσι
454 1218 509 1272 δὲ
545 1218 812 1288 Σιφνίοισι
845 1216 908 1285 ἦν
942 1223 1059 1273 τότε
1096 1218 1125 1289 ἦ
1154 1220 1315 1291 ἀγορὴ
1352 1221 1433 1273 καὶ
1459 1222 1518 1274 τὸ
1545 1220 1872 1291 πρυτανῆῗον

173 1300 250 1358 58
270 1296 448 1371 Παρίῳ
482 1296 614 1369 λίθῳ
650 1294 926 1366 ἠσκημένα.
1137 1302 1331 1353 Τοῦτον
1365 1300 1453 1353 τὸν
1486 1302 1741 1371 χρησμὸν
1776 1302 1869 1353 οὐκ

271 1372 372 1430 οἶοί
407 1398 463 1429 τε
496 1372 632 1443 ἦσαν
664 1380 869 1446 γνῶναι,
898 1379 1018 1431 οὔτε
1056 1379 1173 1431 τότε
1209 1376 1337 1443 ἶθὺς,
1365 1380 1482 1431 οὔτε
1517 1382 1622 1431 τῶν
1657 1378 1867 1447 Σαμίων

271 1454 577 1526 ἀπιγμένων.
647 1454 758 1509 ε’πεί
805 1476 865 1509 τε
914 1456 1017 1527 γὰρ
1070 1456 1294 1525 τάχιστα
1344 1458 1474 1526 πρὸς
1512 1455 1609 1523 τὴν
1662 1456 1864 1527 Σίφνον
1956 1460 1958 1579 Ι

271 1533 570 1603 προσίσχον
596 1532 644 1585 οἱ
671 1534 866 1601 Σάμιοι,
895 1534 1123 1602 ἔπεμπον
1148 1539 1249 1587 τῶν
1276 1539 1399 1587 νεῶν
1424 1533 1562 1603 μίαν,
1593 1534 1863 1605 πρέσβεας

229 1620 256 1663 2
273 1610 502 1681 ἄγουσαν
537 1610 588 1666 ἐς
624 1611 716 1678 τὴν
749 1613 923 1665 πόλιν.
966 1614 1027 1665 τὸ
1070 1612 1129 1665 δὲ
1162 1614 1383 1667 παλαιὸν
1424 1613 1624 1668 ἅπασαι
1660 1615 1717 1665 αἶ
1756 1616 1862 1681 νῆες

270 1685 406 1754 ἦσαν
429 1688 783 1759 μιλτηλιφέες·
829 1690 912 1743 καὶ
937 1687 999 1757 ἦν
1024 1692 1177 1744 τοῦτο
1205 1693 1263 1743 τὸ
1292 1689 1321 1758 ἦ
1350 1689 1515 1757 Πυθίη
1544 1695 1863 1763 προηγόρευε

272 1768 412 1819 τοῖσι
439 1768 720 1837 Σιφνίοισι,
751 1766 1091 1839 φυλάξασθαι
1128 1770 1218 1823 τὸν
1248 1767 1455 1835 ξύλινον
1488 1771 1659 1837 λόχον
1684 1767 1862 1822 κελεῦ-
1957 1836 1958 1841 ¹

228 1850 255 1892 8
273 1865 423 1905 ουσα,
454 1846 535 1899 καὶ
571 1843 760 1915 κήρυκα
787 1846 1018 1917 ἐρυθρόν.
1098 1845 1422 1916 Ἀπικόμενοι
1456 1845 1529 1900 ὧν
1563 1848 1614 1898 οἱ
1648 1847 1864 1917 ἄγγελοι

273 1922 474 1975 ἐδέοντο
520 1927 622 1975 τῶν
668 1924 892 1993 Σιφνίων
938 1925 1059 1978 δέκα
1103 1926 1329 1979 τάλαντά
1370 1926 1474 1994 σφι
1519 1926 1741 1994 χρῆσαι·
1806 1925 1863 1977 οὗ

274 2001 581 2070 φασκόντων
615 2000 672 2055 δὲ
705 1999 926 2070 χρήσειν
959 2008 1063 2057 τῶν
1100 2002 1325 2073 Σιφνίων
1351 2003 1573 2062 αὐτοῖσι,
1604 2005 1656 2055 οἱ
1685 2005 1862 2073 Σάμιοι

230 2085 256 2125 4
275 2077 392 2134 τοὺς
415 2079 618 2149 χώρους
643 2077 808 2133 αὐτῶν
835 2080 1100 2151 ἐπόρθεον.
1143 2081 1419 2149 πυθόμενοι
1452 2079 1495 2135 δ’
1525 2079 1637 2135 ἰθὺς
1666 2080 1791 2149 ἧκον
1816 2082 1862 2133 οἷ

275 2158 476 2227 Σίφνιοι
505 2154 826 2225 βοηθέοντες,
857 2160 939 2211 καὶ
976 2162 1335 2229 συμβαλόντες
1369 2159 1590 2219 αὐτοῖσι,
1620 2160 1860 2227 έσσώθη·

274 2248 395 2288 σαν·
439 2235 520 2288 καὶ
547 2236 712 2289 αὐτῶν
746 2238 940 2291 πολλοὶ
976 2232 1401 2305 ἀπεκληίσθησαν
1431 2240 1523 2290 τοῦ
1548 2237 1742 2293 ἄστεος
1770 2239 1861 2292 ὑπὸ

274 2316 374 2363 τῶν
412 2312 629 2379 Σαμίων.
696 2313 778 2365 καὶ
817 2313 1001 2369 αὐτοὺς
1040 2315 1167 2383 μετὰ
1207 2317 1365 2367 ταῦτα
1406 2316 1583 2368 ἑκατὸν
1634 2318 1859 2369 τάλαντα

177 2387 256 2437 59
274 2385 513 2453 ἔπρηξαν.
721 2391 872 2456 Παρὰ
911 2392 966 2443 δὲ
1011 2391 1317 2463 Ἑρμιονέων
1371 2394 1528 2459 νῆσον
1571 2392 1687 2445 ἀντὶ
1732 2414 1857 2462 χρη-

273 2460 442 2518 μάτων
475 2466 792 2531 παρέλαβον,
829 2466 1041 2537 Ὑδρέην
1076 2469 1168 2536 τὴν
1208 2470 1293 2523 ε’πὶ
1332 2468 1743 2542 Πελοποννήσῳ,
1779 2471 1859 2522 καὶ

273 2529 426 2594 αὐτὴν
463 2542 804 2606 Τροιζηνίοισι
844 2546 1271 2613 παρακατέθεντο·
1314 2547 1460 2601 αὐτοὶ
1498 2546 1553 2600 δὲ
1599 2548 1858 2615 Κυδωνίην
