1975 2892
503 111 990 163 OAAEIA.—-111.
1026 128 1259 181 ¹⁵5-159·
1562 114 1676 167 305

57 172 143 211 οι
169 171 232 211 65.
255 172 314 216 21

63 223 326 289 φόνευσε
377 225 478 274 τῶν
530 222 748 292 Δαρείου
790 224 1142 293 στρατιωτέων
1193 222 1313 280 τοὺς
1364 226 1674 295 δισχιλίους.

67 298 288 353 ἰδόντες
335 298 391 351 δὲ
434 300 515 352 καὶ
553 304 703 353 τοῦτο
739 302 799 353 τὸ
839 302 992 371 ἔργον
1032 303 1083 354 οἱ
1124 304 1461 366 Βαβυλώνιοι,
1494 305 1678 360 πάντες
1699 318 1724 361 8

67 378 337 447 Ζώπυρον
356 371 496 444 εἶχον
517 376 570 430 ἐν
591 381 816 446 στόμασι
835 378 1099 435 αἰνέοντες.
1127 382 1157 432 ὁ
1178 380 1251 440 δὲ,
1272 378 1411 435 αὖτις
1431 382 1680 435 διαλιπὼν

67 454 180 508 τὰς
211 453 542 525 συγκειμένας
567 454 770 525 ἡμέρας,
795 454 1013 528 ἐξήγαγε
1034 457 1085 512 ἐς
1105 459 1164 510 τὸ
1184 460 1562 529 προειρημένον·
1595 460 1677 512 καὶ

69 533 487 600 κυκλωσάμενος
512 534 858 602 κατεφόνευσε
878 534 998 590 τοὺς
1024 537 1486 605 τετρακισχιλίους.
1526 538 1593 591 ὡς
1621 538 1675 590 δὲ
1702 550 1729 592 ο

72 611 172 662 καὶ
210 613 363 663 τοῦτο
400 614 736 682 κατέργαστο,
763 613 928 665 πάντα
963 613 1024 681 δὴ
1062 610 1123 680 ἦν
1158 613 1214 666 έν
1249 616 1388 667 τοῖσι
1424 616 1674 679 Βαβυλω-

72 687 250 741 νέοισι
277 689 534 759 Ζώπυρος,
558 690 640 742 καὶ
668 692 994 760 στρατάρχης
1011 712 1069 743 τε
1096 690 1243 745 οὗτός
1266 692 1369 761 σφι
1397 692 1478 745 καὶ
1504 712 1673 762 τειχο-

73 764 274 835 φύλαξ
301 766 621 820 ἀπεδέδεκτο.
863 768 1188 839 Προσβολὴν
1215 770 1272 822 δὲ
1304 770 1523 840 Δαρείου
1550 770 1675 823 κατὰ
1706 774 1817 829 158

75 844 153 895 τὰ
187 845 494 915 συγκείμενα
526 846 826 913 ποιευμένου
861 847 1014 913 πέριξ
1047 849 1106 900 τὸ
1143 850 1331 916 τεῖχος,
1362 847 1577 901 ἐνθαῦτα
1612 848 1673 915 δὴ

79 923 256 977 πάντα
282 924 371 975 τὸν
391 923 546 976 δόλον
565 926 594 976 ὁ
621 925 862 995 Ζώπυρος
889 924 1144 993 ἐξέφαινε.
1190 926 1239 977 οἱ
1263 926 1357 993 μὲν
1374 926 1475 995 γὰρ
1501 928 1670 989 Βαβυ-
1699 937 1725 977 2

76 1001 268 1055 λῶνιοι
303 1000 579 1065 ἀναβάντες
615 1001 698 1065 ἐπὶ
733 1004 792 1054 τὸ
829 1004 1018 1070 τεῖχος,
1048 999 1295 1070 ἠμύνοντο
1330 1002 1421 1070 τὴν
1457 1004 1675 1073 Δαρείου

83 1078 338 1148 στρατιὴν
355 1080 823 1149 προσβάλλουσαν·
860 1083 889 1133 ὁ
917 1080 971 1133 δὲ
999 1082 1239 1151 Ζώπυρος
1258 1082 1347 1136 τάς
1367 1102 1423 1133 τε
1450 1082 1675 1136 Κισσίας

83 1157 174 1209 καὶ
211 1157 430 1223 Βηλίδας
464 1157 771 1225 καλεομένας
804 1156 972 1213 πύλας
1007 1158 1345 1221 ἀναπετάσας,
1375 1160 1527 1225 ε’σῆκε
1554 1158 1675 1213 τοὺς

83 1232 302 1304 Πέρσας
327 1235 380 1290 ἐς
409 1236 468 1287 τὸ
503 1237 692 1304 τεῖχος.
735 1240 838 1289 τῶν
871 1236 926 1289 δὲ
963 1237 1305 1300 Βαβυλωνίων
1329 1232 1379 1289 οῗ
1411 1238 1505 1304 μὲν
1538 1231 1674 1290 εῶον
1700 1251 1725 1291 8

84 1314 150 1366 τὸ
176 1312 402 1379 ποιηθὲν,
424 1310 564 1365 οὗτοι
584 1314 807 1385 ἔφευγον
824 1312 879 1368 ἐς
898 1317 990 1366 τοῦ
1011 1316 1133 1369 Διὸς
1150 1318 1243 1367 τοῦ
1270 1313 1441 1382 Βήλου
1461 1314 1521 1367 τὸ
1542 1315 1668 1383 ἱρόν·

85 1387 142 1444 οἳ
170 1391 225 1444 δὲ
252 1391 342 1443 οὐκ
370 1385 520 1456 εἶδον,
551 1392 726 1459 ἔμενον
753 1392 805 1443 ἐν
836 1392 898 1459 τῇ
934 1392 1123 1443 ἑωυτοῦ
1159 1392 1274 1458 τάξι
1301 1391 1535 1452 ἕκαστος,
1566 1390 1617 1446 ἐς
1644 1389 1672 1443 ὃ

87 1468 155 1531 δὴ
183 1468 264 1521 καὶ
292 1467 431 1522 οὗτοι
457 1468 644 1537 ἔμαθον
668 1468 1050 1539 προδεδομένοι.

172 1547 421 1610 Βαβυλὼν
461 1547 555 1616 μέν
597 1567 687 1600 νυν
731 1542 861 1597 οὕτω
902 1544 962 1595 τὸ
1008 1540 1244 1611 δεῦτερον
1282 1540 1475 1611 αἱρέθη.
1558 1550 1660 1593 Δα-
1706 1549 1820 1604 159

87 1627 230 1700 ρεῖος
282 1626 338 1679 δὲ
392 1626 504 1679 ἐπεί
551 1646 609 1677 τε
663 1624 906 1692 ε’κράτησε
961 1626 1063 1674 τῶν
1110 1620 1466 1683 Βαβυλωνίων,
1511 1624 1665 1673 τοῦτο

89 1700 188 1771 μέν
231 1701 411 1769 σφεων
447 1700 507 1751 τὸ
547 1701 718 1767 τεῖχος
757 1699 1008 1768 περιεῖλε,
1048 1699 1130 1750 καὶ
1168 1697 1260 1751 τὰς
1297 1694 1465 1751 πύλας
1502 1697 1673 1751 πάσας

93 1778 386 1832 ἀπέσπασε·
430 1777 488 1829 τὸ
514 1777 614 1848 γὰρ
640 1778 887 1847 πρότερον
907 1776 1041 1829 έλῶν
1068 1779 1234 1846 Κῦρος
1252 1774 1344 1842 τὴν
1370 1777 1671 1839 Βαβυλῶνα,

95 1856 308 1923 ἐποίησε
349 1853 542 1907 τούτων
583 1853 866 1924 οὐδέτερον·
935 1858 1089 1907 τοῦτο
1133 1854 1207 1914 δὲ,
1246 1856 1275 1907 ὀ
1319 1855 1531 1922 Δαρεῖος
1572 1857 1673 1904 τῶν

95 1935 292 2004 ἀνδρῶν
316 1932 435 1988 τοὺς
454 1932 764 2002 κορυφαίους
788 1933 1021 2000 μάλιστα
1042 1932 1093 1987 ἐς
1111 1931 1438 2002 τρισχιλίους
1457 1930 1670 1983 ἀνεσκο-

96 2014 305 2071 λόπισε,
344 2013 486 2064 τοῖσι
525 2010 582 2063 δὲ
620 2012 854 2064 λοιποῖσι
895 2011 1277 2073 Βαβυλωνίοισι
1316 2008 1545 2062 ἀπέδωκε
1584 2008 1677 2074 τὴν

97 2092 253 2145 πόλιν
275 2088 470 2142 οἶκέειν.
517 2088 584 2143 ὣς
610 2086 652 2141 δ’
683 2087 862 2155 ἕξουσι
886 2089 1125 2158 γυναῖκας
1149 2088 1199 2139 οἱ
1228 2088 1563 2151 Βαβυλώνιοι,
1591 2083 1673 2138 ἵνα
1697 2103 1723 2143 2

103 2169 208 2238 σφι
239 2168 384 2239 γένεα
418 2166 730 2238 ὑπογίνηται,
767 2166 888 2219 τάδε
929 2166 1143 2234 Δαρεῖος
1180 2163 1403 2234 προϊδὼν
1442 2162 1672 2229 ἐποίησε·

100 2248 194 2301 τὰς
215 2247 314 2317 γὰρ
333 2247 548 2305 ἑωυτῶν,
573 2245 641 2299 ὧς
659 2245 741 2297 καὶ
767 2242 872 2296 κατ’
895 2242 1059 2313 ἀρχὰς
1084 2240 1383 2309 δεδήλωται,
1401 2240 1679 2306 ἀπέπνιξαν

105 2327 156 2379 οἳ
190 2324 520 2387 Βαβυλώνιοι,
559 2326 651 2375 τοῦ
687 2321 838 2374 σίτου
872 2320 1233 2391 προορέωντες·
1292 2318 1505 2384 ἐπέταξε
1540 2319 1680 2370 τοῖσι

106 2402 406 2474 περιοίκοισι
447 2401 619 2455 ἔθνεσι
658 2402 895 2471 γυναῖκας
938 2400 989 2454 ές
1035 2399 1319 2463 Βαβυλῶνα
1364 2396 1677 2455 κατιστάναι,

109 2482 234 2536 ὅσας
258 2480 317 2548 δὴ
345 2480 613 2534 ἑκάστοισι
640 2478 955 2539 ἐπιτάσσων,
985 2478 1123 2530 ὥστε
1148 2475 1301 2530 πέντε
1332 2474 1591 2545 μυριάδων
1617 2474 1679 2525 τὸ

111 2557 438 2629 κεφαλαίωμα
468 2562 570 2612 τῶν
599 2562 846 2631 γυναικῶν
873 2554 1117 2625 συνῆλθε·
1159 2554 1217 2607 ἐκ
1242 2552 1461 2607 τουτέων
1496 2551 1552 2607 δὲ
1579 2555 1685 2605 τῶν

171 2657 262 2690 τοι.
280 2657 314 2692 ι.
874 2647 924 2687 x
