1975 2892
231 41 345 96 202
820 53 1227 96 ΗΡοΔοΤοΥ

1521 107 1834 158 [A.0.1100—

233 168 440 239 ὀργυιᾶς
468 166 692 235 ἑκατέρη,
724 167 805 218 καὶ
840 168 899 218 τὸ
936 165 1044 219 κατ’
1073 162 1260 219 ὕδατος
1293 164 1621 232 οἰκοδόμηται
1651 164 1832 234 ἕτερον

232 249 473 298 τοσοῦτο·
521 246 602 297 καὶ
630 243 706 298 ἐπ’
736 243 1066 314 ἀμφοτέρῃσι
1093 245 1273 296 ἔπεστι
1311 243 1579 296 κολοσσὸς
1604 241 1826 301 λίθινος,

194 322 507 391 ικατήμενος
534 323 588 375 ἐν
616 321 800 394 θρόνῳ.
844 319 976 375 οὕτω
1005 324 1056 374 αἱ
1083 322 1177 389 μὲν
1201 320 1480 391 πυραμίδες
1507 319 1616 372 εἶσὶ
1647 321 1830 373 ἑκατὸν

233 402 495 473 ὀργυιέων,
525 402 577 453 αἶ
605 399 648 454 δ’
678 403 855 454 ἑκατὸν
880 400 1082 470 ὀργυιαὶ
1109 399 1297 452 δίκαιαί
1323 398 1428 450 εἶσι
1457 399 1676 451 στάδιον
1705 397 1826 463 ἐξά-

233 479 479 551 πλεθρον·
525 479 773 546 ἑξαπέδου
817 479 909 546 μὲν
954 480 1046 545 τῆς
1091 477 1300 546 ὀργυιῆς
1341 476 1697 546 μετρεομένης,
1745 475 1831 528 καὶ

235 556 601 629 τετραπήχεος·
646 562 747 609 τῶν
780 557 953 610 ποδῶν
985 557 1079 624 μὲν
1118 554 1574 626 τετραπαλαίστων
1614 555 1830 619 ἐόντων,

198 639 327 691 ὄτοῦ
364 637 419 690 δὲ
454 634 665 703 πήχεος,
694 634 1100 700 ἑξαπαλαίστου.
1183 635 1252 685 Τὸ
1295 633 1352 686 δὲ
1391 629 1532 702 ὕδωρ
1571 634 1634 684 τὸ
1672 633 1730 684 ἐν
1765 634 1831 699 τῇ

235 714 409 781 λίμνῃ,
440 712 697 782 αὐθιγενὲς
730 712 824 780 μὲν
858 711 951 764 οὐκ
987 713 1120 764 ἔστι·
1165 711 1380 780 ἄνυδρος
1411 711 1512 781 γὰρ
1552 709 1612 777 δὴ
1651 711 1832 765 δεινῶς

237 791 352 843 ἐστὶ
388 788 562 856 ταύτῃ·
608 789 663 841 ἐκ
702 793 795 842 τοῦ
823 790 1018 842 Νείλου
1059 790 1116 842 δὲ
1156 790 1281 841 κατὰ
1321 789 1550 858 διώρυχα
1591 789 1829 856 ἐσῆκται,

236 869 319 920 καὶ
346 865 404 934 ἓξ
438 867 532 935 μὲν
567 869 726 935 μῆνας
760 867 866 920 ἔσω
900 867 1006 940 ῥέει
1047 868 1102 922 ἐς
1135 867 1226 935 τὴν
1263 867 1464 935 λίμνην,
1495 865 1556 932 ἓξ
1583 867 1639 919 δὲ
1667 869 1832 934 μῆνας

198 945 337 1012 δέξω
365 947 417 1000 ές
442 947 531 998 τὸν
558 947 751 999 Νεῖλον
776 943 935 1000 αὖτις.
980 947 1064 998 καὶ
1090 946 1242 1000 ε’πεὰν
1267 945 1360 1012 μὲν
1385 944 1530 1014 ἐκρέῃ
1559 945 1682 1010 ἔξω,
1711 943 1743 1010 ἦ
1773 944 1830 998 δὲ

236 1025 354 1075 τότε
396 1023 515 1078 τοὺς
562 1022 620 1090 ἓξ
660 1026 819 1092 μῆνας
866 1024 917 1079 ἐς
958 1025 1018 1076 τὸ
1059 1021 1341 1090 βασιλῆἳον
1383 1025 1708 1086 καταβάλλει
1749 1021 1829 1076 ἐπ’

237 1099 426 1171 ἡμέρην
472 1103 693 1169 ἑκάστην
738 1103 989 1155 τάλαντον
1043 1102 1290 1170 ἀργυρίου
1341 1101 1398 1153 ἐκ
1451 1106 1554 1153 τῶν
1609 1099 1830 1170 ἰχθύων·

114 1178 225 1234 150
248 1179 399 1232 ἐπεὰν
436 1179 492 1232 δὲ
530 1179 645 1245 ἐσίῃ
681 1179 742 1231 τὸ
776 1176 914 1250 ὕδωρ
942 1178 994 1233 ε’ς
1019 1179 1188 1245 αὐτὴν,
1217 1176 1382 1230 εἴκοσι
1418 1177 1587 1245 μνέας.
1662 1178 1830 1232 Ἕλε-

246 1277 341 1327 γον
392 1258 449 1310 δὲ
503 1258 553 1309 οἶ
605 1258 866 1325 ἐπιχώριοι
920 1257 1003 1310 καὶ
1047 1257 1116 1312 ὧς
1167 1256 1220 1312 ἐς
1260 1255 1354 1322 τὴν
1398 1255 1581 1324 Σύρτιν
1623 1257 1723 1324 τὴν
1771 1259 1826 1315 ἐς

240 1332 435 1400 Λιβύην
474 1333 663 1386 ἐκδιδοῖ
700 1332 730 1400 ἡ
770 1333 924 1401 λίμνη
966 1331 1090 1401 αὕτη
1133 1333 1230 1387 ὑπὸ
1270 1335 1387 1404 γῆν,
1414 1336 1733 1404 τετραμμένη
1771 1338 1833 1389 rb

238 1413 370 1481 πρὸς
396 1411 617 1481 ἕσπέρην
644 1411 696 1466 ές
730 1411 821 1478 τὴν
847 1415 1131 1482 μεσόγαιαν
1165 1412 1304 1482 παρὰ
1341 1413 1400 1464 τὸ
1437 1411 1560 1482 ὅρος
1595 1414 1658 1464 τὸ
1698 1414 1830 1484 ὑπὲρ

204 1489 500 1558 2Μέμφιος.
560 1488 708 1542 Ἐπεί
732 1510 789 1541 τε
815 1489 871 1542 δὲ
898 1493 992 1542 τοῦ
1019 1488 1306 1560 ὀρύγματος
1330 1487 1515 1542 τούτου
1543 1490 1638 1542 οὐκ
1668 1493 1828 1562 ὦρεον

238 1567 327 1619 τὸν
352 1570 481 1636 χοῦν
506 1567 729 1634 οὐδαμοῦ
756 1567 919 1628 ἐόντα,
950 1567 1186 1636 ἐπιμελὲς
1218 1568 1322 1639 γὰρ
1359 1566 1418 1635 δή
1455 1589 1543 1636 μοι
1569 1566 1652 1635 ἦν,
1686 1571 1820 1640 εἰρό-

240 1665 337 1711 μην
364 1645 481 1700 robs-
508 1645 734 1715 ἄγχιστα
761 1644 1017 1700 οἶκέοντας
1043 1647 1132 1712 τῆς
1156 1645 1356 1713 λίμνης,
1388 1645 1509 1699 ὅκου
1537 1645 1612 1713 εἴη
1643 1650 1676 1700 ὁ
1702 1651 1827 1716 χοῦς

204 1725 269 1778 86
312 1722 623 1793 ἐξορυχθείς.
680 1724 731 1775 οἶ
771 1723 826 1776 δὲ
866 1724 1107 1794 ἔφρασάν
1145 1744 1230 1791 μοι
1271 1721 1352 1776 ἵνα
1392 1723 1708 1795 ἐξεφορῆθη,
1748 1725 1825 1778 καὶ

242 1799 487 1854 εὐπετέως
513 1800 731 1854 ἔπειθον·
775 1797 899 1868 ᾔδεα
923 1801 1024 1871 γὰρ
1058 1804 1202 1873 λόγῳ
1239 1803 1321 1854 καὶ
1357 1801 1411 1854 ἐν
1439 1804 1578 1874 Νίνῳ
1606 1803 1671 1870 τῇ
1697 1802 1821 1856 Ἀσ-

202 1889 227 1930 4
245 1877 437 1945 συρίων
469 1881 595 1931 πόλι
630 1881 900 1949 γενόμενον
926 1878 1101 1948 ἕτερον
1135 1883 1356 1933 τοιοῦτο.
1398 1881 1463 1932 τὰ
1495 1882 1600 1952 γὰρ
1625 1883 1822 1952 Σαρδα-

242 1955 509 2008 ναπάλλου
546 1959 637 2009 τοῦ
664 1958 824 2010 Νίνου
857 1958 1111 2021 βασιλέος
1143 1955 1396 2028 χρήματα,
1428 1959 1576 2010 ε’όντα
1601 1962 1821 2029 μεγάλα,

243 2033 324 2085 καὶ
350 2033 730 2102 φυλασσόμενα
754 2034 811 2090 έν
838 2034 1149 2105 θησαυροῖσι
1176 2036 1516 2106 καταγαίοισι,
1539 2035 1824 2100 ἐπενόησαν

202 2125 227 2165 6
244 2113 443 2166 κλῶπες
488 2111 795 2181 ἐκφορῆσαι.
858 2113 917 2165 ἐκ
964 2114 1025 2181 δὴ
1073 2113 1143 2166 ὧν
1186 2118 1288 2166 τῶν
1336 2115 1608 2184 σφετέρων
1653 2115 1824 2168 οἰκίων

243 2189 512 2258 ἀρξάμενοι
533 2190 583 2241 οἱ
610 2192 826 2251 κλῶπες,
850 2191 948 2244 ὑπὸ
974 2193 1071 2262 γῆν
1099 2191 1466 2260 σταθμεόμενοι
1492 2191 1546 2246 ές
1571 2193 1635 2244 τὰ
1661 2196 1822 2256 βασι-

202 2275 226 2314 6
244 2263 363 2330 λὴῒα
389 2265 521 2318 οἰκία
546 2265 797 2335 ὅρυσσον.
853 2269 943 2321 τὸν
977 2269 1034 2322 δὲ
1068 2273 1198 2339 χοῦν
1233 2271 1322 2322 τὸν
1357 2269 1738 2340 ἐκφορεόμενον
1769 2271 1824 2323 ἐκ

242 2344 333 2390 τοῦ
358 2340 659 2410 ὀρύγματος,
680 2342 809 2398 ὅκως
832 2345 1036 2416 γένοιτο
1061 2347 1173 2414 νὺξ,
1193 2347 1249 2402 ἐς
1274 2349 1363 2400 τὸν
1377 2348 1554 2418 Τίγριν
1573 2351 1822 2418 ποταμὸν,

242 2419 589 2483 παραρρέοντα
614 2419 705 2481 τὴν
732 2424 905 2485 Νῖνον,
937 2423 1236 2496 ἐξεφόρεον·
1281 2425 1338 2480 ές
1374 2424 1402 2478 ὃ
1439 2429 1824 2497 κατεργάσαντο

199 2489 223 2532 ⁷
244 2480 274 2530 ὅ
298 2503 347 2534 Π
372 2485 673 2549 ἐβούλοντο.
728 2503 962 2554 τοιοῦτον
999 2501 1173 2573 ἕτερον
1207 2506 1406 2571 ἤκουσα
1439 2505 1522 2558 καὶ
1559 2507 1619 2558 rb
1655 2507 1748 2574 τῆς
1771 2505 1827 2559 ἐν
