1975 2892
453 110 1150 160 MEAHOMENH.—-1v.
1182 111 1269 172 89-
1274 122 1355 173 95.
1584 106 1701 164 349

92 171 161 212 οι
184 173 250 212 ιε.
271 171 409 213 μοι.
433 173 490 224 a]

99 225 160 282 ὃς
189 228 281 283 διὰ
307 227 657 297 Ὀδρυσέων
626 227 751 299 ρέει.
793 227 880 286 ε’πὶ
904 232 1088 285 τοῦτον
1114 230 1175 298 δὴ
1202 233 1292 289 τὸν
1316 234 1603 301 ποταμὸν’
1572 257 1691 292 απι-

98 307 340 371 κόμενος,
369 304 586 373 ἐποίησε
611 307 824 363 τοιόνδε.
868 307 1122 373 ἀποδέξας
1146 310 1339 379 χωρίον
1364 314 1425 378 τῇ
1454 318 1735 382 στρατιῇ,2

95 381 315 439 ἐκέλευε
339 385 504 440 πάντα
528 383 686 454 ἄνδρα
711 383 928 440 λίθου’
897 407 983 441 ενα
1008 389 1312 455 παρεξιόντα
1338 388 1576 444 τιθέναι’
1553 413 1607 445 ες
1632 394 1691 445 τὸ

97 461 514 533 ἀποδεδεγμένον
552 465 704 516 τοῦτο
742 462 952 532 χωρίον.
1004 464 1072 518 ὥς
1112 465 1167 516 δὲ
1208 468 1363 518 ταῦτα
1403 465 1433 533 ἡ
1476 469 1689 538 στρατιὴ
1708 478 1733 518 8

97 537 404 600 ἐπετέλεσε,
433 539 648 596 ἐνθαῦτα
667 540 922 596 κολωνοὺς
947 542 1203 612 μεγάλους
1223 547 1324 596 τῶν
1348 543 1509 598 λίθων
1536 567 1687 600 κατα-

97 617 292 677 λιπὼν,
323 617 575 673 ἀπέλαυνε
601 617 692 681 τὴν
719 617 978 682 στρατιήν.

178 689 317 758 Πριν
356 688 411 740 δὲ
453 686 722 740 ἀπικέσθαι
765 687 848 742 ἐπὶ
888 687 978 742 τὸν
1006 684 1238 758 Ἴστρον,
1274 691 1504 760 πρώτους
1538 691 1691 762 αἱρέει
1708 695 1785 750 93

96 765 259 820 Γέτας
305 768 424 822 τοὺς
463 765 862 832 ἀθανατίζοντας.
943 767 994 822 οἱ
1034 767 1128 836 μὲν
1169 769 1271 838 γὰρ
1318 769 1380 836 δὴ
1427 771 1516 822 τὸν
1558 775 1689 825 Σαλ-
1708 787 1733 826 2

95 845 376 912 μυδησσὸν
427 845 631 915 ἔχοντες
685 844 914 917 Θρήϊκες.
957 848 1041 900 καὶ
1080 847 1209 917 ὑπὲρ
1248 845 1596 912 Ἀπολλωνίης
1634 873 1690 906 τε

98 926 184 976 καὶ
225 927 564 997 Μεσαμβρίης
602 927 784 980 πόλιος
823 925 1092 993 οἰκημένοι,
1120 923 1414 993 καλεύμενοι
1446 928 1501 983 δὲ
1530 936 1689 1000 Σκυρ-

96 1001 275 1069 μιάδαι
329 1004 411 1056 καὶ
464 1005 700 1074 Νιψαῖοι,
754 1003 974 1073 ἀμαχητὶ
1024 1005 1197 1074 σφέας
1240 1007 1423 1062 αὐτοὺς
1466 1008 1685 1077 παρέδο-

98 1102 203 1134 σαν
243 1084 460 1152 Δαρείῳ
528 1085 578 1136 οἱ
616 1084 673 1137 δε
713 1083 877 1146 Γέται,
918 1085 1049 1151 πρὸς
1092 1083 1457 1152 ἀγνωμοσύνην
1493 1089 1683 1154 τραπό-

100 1180 264 1226 μενοι,
286 1159 465 1215 αὐτίκα
491 1158 870 1226 ἐδουλώθησαν,
895 1160 1125 1230 Θρηίκων
1150 1161 1317 1216 ἐόντες
1341 1161 1685 1232 ἀνδρειότατοι

17 1251 28 1269 ’
103 1257 188 1290 και
215 1227 538 1292 δικαιότατοι.
691 1235 1079 1303 Ἀθανατίζουσι
1106 1239 1163 1292 δὲ
1189 1239 1335 1292 τόνδε
1361 1240 1450 1292 τὸν
1474 1243 1683 1309 τρόπον
1705 1241 1785 1294 94

102 1317 222 1368 οὔτε
248 1313 642 1382 ἀποθνῆσκειν’
615 1315 831 1370 εωυτοὺς
858 1316 1188 1383 νομίζουσι,’
1170 1316 1293 1370 ιέναι
1320 1337 1375 1368 τε
1401 1317 1490 1370 τὸν
1516 1317 1681 1370 ἀπολ-

101 1391 324 1460 λύμενον
348 1394 486 1464 παρὰ
512 1391 769 1462 Ζάλμοξιν
796 1393 1027 1461 δαίμονα.
1071 1395 1120 1446 οἱ
1147 1394 1202 1446 δὲ
1230 1394 1393 1450 αὐτῶν
1419 1395 1508 1446 τὸν
1532 1394 1686 1448 αὒτὸν
1756 1423 1764 1432 ·

101 1474 286 1523 τοῦτον
301 1471 564 1538 νομίζουσι
581 1469 888 1536 Γεβελέιζιν.
925 1471 1023 1524 Διὰ
1042 1471 1393 1540 πεντετηρίδος
1409 1471 1464 1526 δὲ
1480 1473 1569 1526 τὸν
1583 1473 1681 1526 πά·-
1704 1485 1729 1525 2

101 1551 182 1620 λῳ
198 1551 424 1616 λαχόντα
439 1549 539 1603 αἰεί
555 1555 736 1618 σφεων
751 1548 915 1602 αὐτῶν
931 1548 1293 1616 ἀποπέμπουσι
1309 1548 1533 1620 ἄγγελον
1547 1551 1685 1620 παρὰ

102 1627 194 1678 τὸν
231 1626 504 1694 Ζάλμοξιν,
542 1627 896 1693 ἐντελλόμενοι
928 1631 1031 1680 τῶν
1069 1625 1131 1680 ἂν
1170 1627 1414 1679 ἑκάστοτε
1454 1626 1680 1682 δέωνται.

103 1704 364 1771 πέμπουσι
393 1705 447 1758 δὲ
477 1705 591 1758 ὧδε·
636 1706 685 1757 οἱ
711 1705 804 1772 μὲν
830 1704 995 1758 αὐτῶν
1022 1702 1309 1772 ταχθέντες,
1339 1704 1543 1758 ἀκόντια
1568 1705 1684 1775 τρία
1704 1721 1729 1760 8

106 1783 302 1849 ἔχουσι·
344 1781 502 1834 ἄλλοι
527 1783 582 1840 δὲ
611 1784 942 1846 διαλαβόντες
967 1786 1061 1835 τοῦ
1095 1782 1521 1850 ἀποπεμπομένου
1546 1785 1685 1853 παρὰ

106 1861 196 1911 τὸν
228 1860 483 1929 Ζάλμοξιν
509 1861 599 1915 τὰς
633 1863 808 1930 χεῖρας
835 1862 916 1915 καὶ
943 1863 1062 1916 τοῦς
1088 1861 1265 1925 πόδας,
1294 1858 1684 1928 ἀνακινήσαντες

107 1936 272 1999 αὐτὸν,
313 1937 566 2008 μετέωρον
603 1937 842 2008 ῥιπτεῦσι
883 1939 934 1993 ἐς
973 1939 1065 1994 τὰς
1102 1941 1321 2009 λόγχας.
1390 1936 1451 2005 ἢν
1488 1939 1581 2007 μὲν
1620 1939 1681 2008 δὴ
1705 1954 1732 1994 4

107 2014 327 2082 ἀποθάνῃ
364 2016 650 2086 ἀναπαρεὶς,
680 2018 819 2068 τοῖσι
855 2017 911 2069 δὲ
946 2013 1100 2070 ἵλεως
1126 2019 1155 2069 ὁ
1191 2015 1306 2071 θεὸς
1340 2016 1503 2070 δοκέει
1535 2013 1677 2071 εἶναι·

107 2091 168 2160 ἢν
193 2093 246 2146 δὲ
270 2093 338 2160 μὴ
367 2092 612 2160 ἀποθάνῃ,
632 2093 886 2148 αἰτιῶνται
913 2093 1067 2146 αὐτὸν
1086 2095 1176 2146 τὸν
1194 2093 1435 2164 ἄγγελον,
1460 2095 1683 2162 φάμενοί

107 2191 193 2240 μιν
230 2171 383 2240 ἄνδρα
420 2172 570 2224 κακὸν
606 2167 749 2226 εἶναι.
799 2170 1147 2239 αἰτιησάμενοι
1187 2171 1243 2224 δὲ
1280 2174 1478 2232 τοῦτον,
1517 2171 1683 2225 ἄλλον
1707 2187 1732 2226 δ

108 2249 480 2316 ἀποπέμπουσι·
526 2249 848 2306 ἐντέλλονται
875 2249 930 2302 δὲ
956 2249 1033 2301 ἔτι
1062 2250 1226 2313 ζῶντι.
1285 2246 1437 2302 Οὗτοι
1462 2249 1513 2303 οἱ
1539 2249 1683 2304 αὗται

111 2324 314 2395 Θρῆἳκες
348 2326 429 2380 καὶ
465 2329 595 2397 πρὸς
628 2324 852 2397 βροντήν
885 2348 942 2380 τε
968 2327 1051 2380 καὶ
1086 2326 1357 2396 ἀστραπὴν
1389 2323 1683 2391 τοξεύοντες

111 2404 206 2461 ἀνω
231 2406 354 2474 πρὸς
379 2407 469 2462 τὸν
503 2405 734 2474 οὐρανὸν,
765 2405 1037 2460 ἀπειλεῧσι
1062 2409 1133 2476 τῷ
1167 2403 1283 2476 θεῷ,
1312 2403 1493 2458 οὐδένα
1516 2403 1683 2458 ἄλλον

112 2481 222 2536 θεὸν
246 2483 528 2550 νομίζοντες
555 2478 679 2535 εἶναι
707 2483 751 2536 εἰ
785 2482 854 2550 μὴ
891 2483 980 2535 τὸν
1018 2484 1291 2552 σφέτερον.
1496 2480 1588 2536 Ὣς
1623 2483 1679 2536 δὲ
1708 2485 1782 2539 95

113 2559 206 2631 ἐγὼ
223 2559 529 2629 πυνθάνομαι
555 2565 656 2619 τῶν
674 2562 764 2614 τὸν
781 2558 1175 2628 Ἑλλήσποντον
1198 2559 1465 2614 οἰκεόντων
1487 2557 1679 2629 Ἑλλή-
