1975 2892
184 89 303 144 222
780 96 1184 143 ΗΡΟΔΟΤΟΥ

1526 147 1598 198 [A.
1619 150 1664 189 c.
1683 151 1769 190 52⁶.

138 227 165 268 6
186 211 396 264 πτουτὰ
420 210 514 278 μὲν
538 209 658 271 ἂνω,
682 210 815 262 κάτω
842 206 1008 276 θῆσω·
1052 208 1115 259 τὰ
1136 207 1192 260 δὲ
1219 208 1370 266 κάτω,
1393 204 1554 257 ἀνω.”
1603 209 1774 257 Ταῦτα

184 289 344 342 εἶπεῖν
362 289 516 341 αὐτὸν
541 288 707 341 ἔτεαε
682 309 751 342 ως
777 287 896 340 δέκα
916 307 1006 338 κου
1031 287 1296 356 γεγονότα,
1317 282 1398 335 καὶ
1418 283 1509 337 τὰς
1531 285 1775 352 γυναῖκας

186 367 242 418 ἐν
268 365 491 434 θωύματι
514 365 773 437 γενέσθαι·
818 366 908 417 τὸν
934 364 1008 424 δὲ,
1032 359 1503 430 διαμνημονεύοντα,
1526 357 1658 411 οὕτω
1687 359 1773 426 δὴ,

186 443 300 498 ε’πεί
330 465 388 496 τε
422 443 673 515 ἀνδρώθη,
704 443 786 496 καὶ
825 443 955 510 ἔσχε
990 440 1085 508 τὴν
1121 433 1420 506 βασιληίην,
1448 436 1778 504 ποιήσασθαι

184 521 327 580 ‘rhu’
303 521 382 576 επ’
411 519 671 588 Atym-:ov
698 515 992 588 στρατηίην.

130 595 169 646 4
276 594 535 660 Συνῆνεικε
569 598 625 650 δὲ
664 598 745 650 καὶ
786 597 919 649 ἄλλο
956 617 1009 650 τι
1045 597 1244 650 τοιάνδε
1282 597 1490 664 πρῆγμα
1527 593 1778 664 γενέσθαι

138 682 165 720 2
184 671 237 727 ές
275 673 369 740 τὴν
406 673 799 743 ἐπιστράτευσιν
836 669 1040 738 ταύτην.
1096 668 1160 737 ἦν
1197 673 1298 722 τῶν
1337 666 1616 738 ἐπικούρων
1665 674 1780 722 τῶν

182 749 432 817 Ἀμάσιος
462 751 587 820 ἀνὴρ
623 750 771 820 γένος
804 749 899 817 μὲν
922 746 1377 818 Ἀλικαρνησσεὺς,
1405 749 1598 814 οὕνομα
1632 746 1698 798 δέ
1723 749 1776 800 οἱ

182 829 363 894 Φάνης,
412 828 494 879 καὶ
536 830 739 897 γνώμην
782 828 964 888 ικανὸς,
1014 827 1096 879 και
1148 826 1211 878 τὰ
1253 825 1478 893 πολέμια
1527 824 1773 892 ἄλκιμος.

142 915 168 955 8
184 904 332 960 ουτος
370 907 399 957 ὁ
440 906 619 971 Φάνης,
648 907 974 974 μεμφόμενός
1013 902 1105 956 κού
1131 925 1182 956 τι
1204 903 1416 971 Ἂμάσι,
1445 900 1774 973 ἐκδιδρήσκει

181 983 347 1055 πλοίω
396 981 454 1048 ἐξ
496 980 777 1052 Αἰγύπτου,
824 985 1142 1050 βουλόμενος
1185 980 1442 1049 Καμβύσῃ
1485 980 1667 1033 ἐλθεῖν
1719 983 1776 1036 ἐς

144 1068 169 1106 4
182 1063 389 1132 λόγους.
432 1054 516 1112 οἷα
542 1061 597 1112 δὲ
626 1060 772 1112 ἐόντα
810 1060 963 1112 αὐτὸν
990 1060 1044 1112 ἐν
1075 1062 1214 1112 τοῖσι
1255 1058 1572 1130 ἐπικούροισι
1599 1061 1774 1126 λόγου

182 1139 243 1191 οὗ
284 1141 521 1207 σμικροῦ,
553 1139 889 1204 ἐπιστάμενόν
924 1159 981 1190 τε
1021 1139 1085 1190 τὰ
1118 1139 1236 1209 περὶ
1271 1135 1530 1208 Αιγυπτον
1554 1137 1769 1207 ἀτρεκέ-

144 1227 168 1267 ⁵
184 1237 365 1275 στατα,
392 1216 728 1282 μεταδιώκει*
703 1237 731 1267 ο
746 1213 993 1283 Ἀμασις,
1017 1216 1248 1282 σπουδὴν
1273 1214 1568 1283 ποιεύμενος
1601 1217 1768 1270 έλειν.

180 1295 476 1363 μεταδιώκει
503 1293 577 1354 δὲ,
606 1298 707 1346 τῶν
732 1292 987 1362 εὐνούχων
1004 1295 1093 1346 τὸν
1118 1297 1430 1347 πιστότατον
1449 1293 1772 1354 ἀποστείλας

180 1372 377 1443 τριήρεϊ
401 1369 507 1424 κατ’
536 1371 705 1425 αὐτόν·
749 1369 805 1426 ὃς
831 1373 987 1442 αἱρέει
1013 1393 1099 1439 μιν
1127 1372 1180 1424 ἐν
1207 1370 1382 1438 Λυκίῃ,
1413 1372 1546 1424 ἑλὼν
1571 1372 1646 1432 δὲ,
1669 1374 1769 1425 οὐκ

180 1449 401 1520 ἀνήγαγε
429 1450 481 1504 ές
507 1447 781 1521 Αἴγυπτον·
826 1451 992 1519 σοφίῃ
1018 1451 1118 1521 γάρ
1144 1471 1230 1517 μιν
1256 1449 1504 1520 περιῆλθε
1523 1453 1552 1502 ὁ
1573 1450 1765 1518 Φάνης.

182 1526 533 1596 καταμεθύσας
558 1529 660 1598 γὰρ
685 1527 805 1583 τοὺς
831 1529 1115 1597 φυλάκους,
1139 1528 1515 1581 ἀπαλλάσσετο
1543 1528 1596 1583 ές
1621 1529 1768 1599 Πέρ-

142 1617 167 1658 8
182 1626 299 1660 σας.
356 1605 629 1678 ὡρμημένῳ
672 1607 727 1659 δὲ
770 1604 1142 1676 στρατεύεσθαι
1183 1603 1440 1674 Καμβύσῃ
1481 1605 1559 1660 ἐπ’
1602 1604 1766 1678 Αἴγυ-

179 1704 325 1746 πτον,
356 1683 495 1736 καὶ’
465 1684 733 1753 ἀπορέοντι
760 1684 851 1752 τὴν
878 1686 1085 1742 ἔλασιν,
1106 1683 1234 1739 ὅκως
1260 1684 1352 1752 τὴν
1377 1685 1596 1755 ἄνυδρον
1625 1686 1766 1738 διεκ-

178 1761 326 1830 περᾷ,
346 1759 577 1813 ε’πελθῶν
602 1762 787 1831 φράζει
813 1783 907 1829 μεν
932 1762 1015 1814 καὶ
1034 1761 1204 1821 τᾶλλα
1230 1763 1294 1814 τὰ
1318 1761 1567 1830 Ἀμάσιος
1592 1761 1763 1835 πρήγ-

177 1858 329 1904 ματα,
374 1832 637 1907 ἐξηγέεται
688 1839 746 1891 δε
788 1841 873 1892 και
918 1840 1010 1908 τὴν
1051 1840 1258 1902 ἔλασιν,
1307 1841 1406 1894 ὧδε
1457 1843 1760 1912 παραινέων·

177 1914 454 1984 πέμψαντα
472 1915 611 1984 παρὰ
638 1917 727 1968 τὸν
750 1915 1011 1988 Ἀραβίων
1033 1918 1264 1982 βασιλέα
1290 1918 1515 1980 δέεσθαι,
1537 1919 1630 1986 τὴν
1655 1919 1760 1972 διέ-

122 1993 159 2046 5
180 1992 334 2060 ξοδόν
359 1994 409 2046 οἱ
436 1991 685 2061 ἀσφαλέα
716 1999 1026 2065 παρασχεῖν.
1183 1995 1360 2064 Μούνῃ
1389 1998 1444 2050 δὲ
1470 1995 1626 2064 ταύτῃ
1653 1997 1762 2050 εἶσὶ

176 2071 397 2143 φανεραὶ
424 2069 649 2135 ἐσβολαὶ
683 2070 739 2127 ἒς
765 2071 1043 2144 Αἴγυπτον.
1087 2074 1188 2128 ἀπὸ
1221 2076 1322 2146 γὰρ
1350 2076 1579 2142 Φοινίκης
1604 2075 1760 2145 μέχρι

176 2153 343 2221 οὔρων
366 2154 469 2203 τῶν
495 2148 743 2206 Καδύτιος
778 2155 979 2214 πόλιος,
1011 2151 1040 2222 ἣ
1067 2151 1186 2206 ε’στὶ
1213 2153 1386 2224 Σύρων
1420 2159 1520 2206 τῶν
1555 2156 1758 2206 Παλαι-

176 2234 365 2283 στινῶν
398 2230 733 2298 καλεομένων·
796 2231 897 2286 ἀπὸ
940 2231 998 2284 δὲ
1039 2229 1306 2294 Καδύτιος,
1350 2228 1536 2298 εὀύσης
1573 2233 1758 2286 πόλιος

175 2305 269 2377 (ὡς
310 2308 425 2376 ε’μοὶ
468 2303 656 2377 δοκέει)
700 2309 927 2379 Σαρδίων
966 2308 1029 2361 οὗ
1069 2311 1256 2383 πολλῷ
1303 2309 1611 2371 ἐλάσσονος,
1653 2309 1756 2362 ἀπὸ

174 2383 359 2449 ταύτης
403 2385 467 2436 τὰ
507 2383 727 2455 ἐμπόρια
770 2387 833 2438 τὰ
873 2385 961 2440 ε’πι
1002 2386 1276 2456 θαλάσσης
1319 2389 1473 2458 μέχρι
1521 2385 1754 2453 Ἰηνύσου

130 2458 403 2510 2πόλιός’
378 2481 495 2512 εστι
523 2465 615 2514 τοῦ
634 2461 899 2532 Ἀραβίου·
944 2464 1046 2517 ἀπὸ
1069 2465 1164 2517 δὲ’
1169 2464 1405 2532 Ιηνύσου,
1428 2464 1568 2521 αὖτις
1583 2463 1754 2536 Σύρων

168 2529 321 2595 μέχρι
362 2538 676 2600 Σερβωνίδος
710 2539 910 2607 λίμνης,
940 2541 1058 2611 παρ’
1103 2541 1164 2611 ἣν
1204 2544 1266 2611 δὴ
1307 2547 1366 2597 τὸ
1404 2545 1599 2598 Κάσιον
1631 2543 1752 2612 ὄρος
