1975 2892
547 101 1037 148 GAAEIA.—111.
1074 100 1305 160 104-108.
1602 72 1720 151 2Ίρ

109 164 405 274 ῗιωῗόίοξν·
447 222 529 274 καὶ
551 221 729 289 ἐσθῆτι
750 223 799 274 οἶ
824 220 976 275 Ἰνδοὶ
1004 224 1104 276 α’πὸ
1132 221 1324 276 τούτων
1350 228 1450 276 τῶν
1477 224 1723 295 δενδρέων

120 299 404 368 χρέωνται.
633 301 774 370 Πρὸς
795 298 838 353 δ’
861 298 924 352 αὖ
942 301 1267 371 μεσαμβρίης
1288 302 1483 370 ἐσχάτη
1504 300 1719 372 Ἀραβίη
1752 271 1861 366 ῙΟΕΙ

123 381 240 429 τῶν
265 376 562 445 οἷκεομένων
590 379 800 448 χωρέων
827 378 959 431 ἐστί·
1006 379 1060 430 ἐν
1087 380 1142 431 δὲ
1169 376 1324 446 ταύτῃ
1352 380 1640 443 λιβανωτός
1665 382 1724 433 τέ

127 454 254 507 ἐστι
289 453 447 523 μούνῃ
483 456 692 525 χωρέων
726 456 934 509 πασέων
970 456 1243 525 φυόμενος,
1275 458 1356 509 καὶ
1395 455 1609 527 σμύρνη,
1640 459 1748 529 καὶ,

127 532 309 599 κασίη,
339 534 420 585 καὶ
446 534 776 601 κιννάμωμον,
809 534 889 586 καὶ
916 532 1155 601 λήδανον.
1199 538 1355 587 ταῦτα
1381 535 1563 593 πάντα,
1585 536 1723 603 πλὴν

127 612 228 676 τῆς
256 608 498 680 σμύρνης,
529 611 821 666 δυσπετέως
848 610 1086 664 κτέωνται
1114 612 1164 664 οἱ
1188 610 1443 681 Ἀράβιοι.
1505 614 1604 665 Τὸν
1628 614 1721 681 μέν
1742 624 1769 665 2

125 709 200 759 γε
225 690 513 751 λιβανωτὸν
545 687 889 759 συλλέγουσι,
917 689 1011 757 τὴν
1047 686 1276 760 στύρακα
1312 689 1602 758 θυμιῶντες,
1631 692 1746 761 τὴν,

129 766 192 820 ἐς
209 762 468 833 Ἕλληνας
497 767 721 821 Φοίνικες
748 765 1013 838 ἐξάγουσι·
1058 764 1243 836 ταύτην
1275 767 1550 836 θυμιῶντες
1583 769 1747 837 λαμ·

128 844 378 904 βάνουσι.
422 866 486 897 τα
513 844 611 915 γὰρ
640 844 845 915 δένδρεα
873 849 1029 897 ταῦτα
1056 846 1119 897 τὰ
1144 847 1547 917 λιβανωτοφόρα
1573 845 1721 921 ὄφιες
1740 858 1767 901 8

132 924 433 993 υπόπτεροι,
455 922 625 992 μικροὶ
645 923 708 975 τα
733 923 972 996 μεγάθεα,
995 920 1223 977 ποικίλοι
1248 925 1311 976 τὰ
1332 922 1483 985 ειδεα,
1507 926 1720 993 φυλάσ·

134 1020 316 1060 σουσι,
345 998 534 1067 πλήθει
557 1000 750 1053 πολλοι
776 1022 894 1071 περι
914 1000 1173 1072 δένδρον’
1143 1015 1376 1055 εκαστον·
1414 1001 1555 1055 οὗτοι
1576 1000 1722 1073 οἵπερ

133 1076 218 1131 ἐπ’
245 1075 504 1149 Αἴγυπτον
529 1076 993 1149 ἐπιστρατεύονται.
1038 1080 1204 1133 οὐδενὶ
1240 1079 1295 1133 δὲ
1322 1080 1469 1152 ἄλλῳ
1497 1079 1719 1134 άπελαύ-
1738 1083 1766 1127 4

134 1176 307 1209 νονται
346 1156 446 1209 ἀπὸ
488 1160 588 1209 τῶν
628 1155 889 1227 δενδρέων,
925 1155 957 1225 ἢ
999 1158 1089 1225 τῆς
1129 1151 1381 1227 στύρακος
1420 1159 1515 1251 τῷ.
1530 1159 1741 1232 καπνῷ.

137 1231 365 1303 Λέγουσι
405 1232 461 1285 δε
503 1232 584 1285 και
621 1232 738 1285 τόδε
775 1230 1027 1299 Ἀράβιοι,
1061 1232 1130 1287 ὦς
1168 1234 1315 1285 πᾶσα
1354 1232 1417 1286 ἃν
1450 1237 1517 1305 γῆ
1561 1234 1708 1305 ἐπίμ-
1745 1235 1853 1293 108

136 1310 306 1366 πλατο
346 1316 446 1366 τῶν
481 1308 646 1379 ὀφίων
679 1308 889 1373 τούτων,
926 1311 971 1364 εἷ
1005 1310 1073 1381 μὴ
1108 1311 1341 1382 γίνεσθαι
1377 1311 1482 1367 κατ’
1524 1314 1706 1371 αυτοὺς

134 1384 249 1440 οἷόν
275 1408 324 1457 τι
351 1387 476 1439 κατὰ
501 1387 591 1440 τὰς
619 1386 820 1455 ἐχίδνας
845 1384 1137 1455 ἠπιστάμην
1160 1386 1415 1458 γίνεσθαι.
1499 1386 1599 1439 Καί
1624 1392 1721 1442 κως
1738 1403 1765 1446 2

135 1468 232 1519 τοῦ
259 1464 400 1517 θείου
426 1463 455 1531 ἡ
482 1464 711 1535 προνοίη,
735 1465 914 1535 ὥσπερ
941 1466 1023 1517 καὶ
1048 1464 1202 1524 οἰκὸς,
1226 1466 1341 1516 ἔστι
1369 1464 1528 1517 ἐοῦσα
1555 1462 1719 1533 σοφή.

135 1542 243 1596 ὅσα
267 1543 360 1610 μὲν
385 1538 566 1612 ψυχήν
591 1563 648 1594 τε
684 1538 832 1595 δειλὰ
867 1543 949 1595 καὶ
985 1542 1222 1610 ἐδώδιμα,
1252 1545 1408 1594 ταῦτα
1440 1542 1534 1609 μὲν
1560 1544 1723 1595 πάντα

134 1619 402 1691 πολύγονα
428 1619 716 1688 πεποίηκεν,
746 1618 827 1674 ἵνα
850 1620 919 1689 μὴ
949 1619 1161 1687 ἐπιλίπῃ
1194 1619 1577 1687 κατεσθιόμενα·
1622 1618 1723 1673 ὅσα

135 1699 196 1753 δέ
245 1698 466 1767 σχέτλια
511 1699 593 1751 καὶ
637 1698 832 1769 ἇνιηρὰ,
875 1698 1171 1768 ὀλιγόγονα.
1221 1700 1373 1750 τοῦτο
1418 1696 1528 1765 μὲν,
1572 1696 1651 1751 ὅτι
1692 1700 1721 1751 ό
1739 1714 1765 1757 8

133 1778 300 1847 λαγὸς
339 1777 438 1829 ὑπὸ
477 1776 666 1831 παντὸς
718 1773 979 1846 θηρεύεται
1034 1774 1213 1846 θηρίου
1253 1776 1335 1828 καὶ
1386 1773 1588 1845 ὄρνιθος
1642 1777 1737 1845 καὶ,

137 1854 428 1925 ἀνθρώπου,
471 1851 602 1907 οὕτω
656 1852 716 1921 δή
773 1875 823 1906 τι
874 1852 1165 1927 πολύγονόν
1205 1854 1338 1915 ἐστι,
1382 1847 1721 1907 ἐπικυΐσκεται

136 1935 328 2001 μοῦνον
352 1933 553 1985 πάντων
581 1930 784 2002 θηρίων·
829 1933 910 1985 καὶ
937 1933 997 1985 τὸ
1031 1933 1125 2001 μὲν
1161 1930 1295 1985 δασὺ
1330 1937 1431 1985 τῶν
1456 1930 1641 1985 τέκνων
1668 1930 1723 1985 ἐν

137 2014 202 2077 τῇ
228 2010 437 2080 γαστρί·
482 2011 541 2061 τὸ
578 2010 652 2071 δὲ,
681 2010 865 2080 ψιλόν·
910 2012 968 2063 τὸ
1007 2010 1081 2069 δὲ,
1112 2009 1226 2080 ἄρτι
1253 2010 1307 2063 ἐν
1342 2010 1462 2078 τῇσι
1495 2009 1737 2079 μήτρῃσι,

137 2089 456 2142 πλάσσεται·
488 2090 546 2140 τὸ
569 2088 644 2148 δὲ,
667 2088 961 2158 ἀναιρέεται.
1001 2091 1153 2140 τοῦτο
1172 2088 1265 2155 μὲν
1286 2086 1345 2155 δὴ
1367 2090 1568 2140 τοιοῦτό
1591 2088 1721 2139 ἐστι.
1740 2099 1771 2142 ί

139 2164 171 2234 ἦ
202 2166 256 2219 δε
285 2164 346 2233 δὴ
381 2165 575 2230 λέαινα,
607 2165 690 2218 ἐὸν
727 2166 1071 2235 ἰσχυρότατον
1107 2165 1187 2217 καὶ
1223 2163 1561 2235 θρασύτατον,
1589 2166 1726 2231 ἅπαξ

141 2244 198 2297 ἐν
235 2247 307 2317 τῷ
346 2242 447 2315 βίω
487 2244 643 2297 τίκτει
684 2242 755 2296 εν·
825 2242 1072 2295 τίκτουσα
1110 2242 1228 2336 γὰρ,
1272 2244 1617 2306 συνεκβάλλει
1657 2244 1727 2314 τῷ

139 2321 298 2394 τέκνῳ
325 2322 415 2376 τὰς
440 2319 754 2392 μήτρας.τὸ
781 2321 836 2373 δὲ
864 2318 1026 2373 α’ίτιον
1045 2316 1227 2372 τούτου
1253 2320 1427 2373 τάδε’
1397 2320 1530 2373 εστί·
1577 2319 1726 2372 ἐπεὰν
1741 2332 1770 2379 Β

142 2402 172 2453 ὁ
201 2398 424 2467 σκύμνος
451 2397 504 2451 ἐν
530 2403 592 2467 τῇ
617 2397 780 2470 μήτρῃ
810 2399 905 2452 ἐὼν
931 2397 1149 2468 ἄρχηται
1176 2398 1560 2465 διακινεόμενος,
1590 2400 1619 2449 ὁ
1649 2397 1724 2459 δε,

141 2479 278 2546 εχων
304 2476 490 2547 ὄνυχας
517 2476 704 2547 θηρίων
729 2476 930 2530 πολλὸν
948 2478 1151 2530 πάντων
1178 2476 1472 2543 ὀξυτάτους,
1501 2472 1738 2544 ἀμύσσει

141 2557 236 2611 τὰς
253 2552 466 2628 μήτρας·
505 2554 841 2625 αὖξανόμενός
857 2576 917 2608 τε
937 2554 999 2623 δὴ
1020 2554 1205 2627 πολλᾷ
1229 2554 1431 2623 μᾶλλον
1450 2552 1729 2607 ἐσικνέεται
