1975 2892
659 108 1148 156 eAAEm.—111.
1182 108 1354 171 79432.
1675 102 1794 163 267

211 172 280 214 01.
299 174 362 216 84.
381 172 439 221 4.]

211 226 379 295 ἀρχὰς
411 224 577 295 ἄρχει,
611 222 890 280 ὑπεύθυνον
925 228 983 281 δὲ
1018 222 1181 299 ἀρχὴν
1214 228 1341 298 ἔχει,
1368 224 1699 297 βουλεύματα
1742 231 1799 284 δέ

211 305 380 357 πάντα
415 302 468 358 ἐς
501 303 560 356 τὸ
596 305 764 357 κοινὸν
789 304 1051 376 ἀναφέρει.
1119 306 1327 373 Τίθεμαι
1362 305 1433 360 ὧν
1456 308 1676 378 γνώμην,
1704 328 1797 375 με·

211 381 390 435 τέντας
414 380 569 447 ἡμέας
609 383 937 452 μουναρχίην,
967 384 1027 436 τὸ
1062 382 1261 451 πλῆθος
1287 384 1469 450 ἀέξειν·
1512 384 1566 438 ἐν
1590 386 1691 455 γὰρ
1725 388 1798 457 τῷ

211 461 398 531 πολλῷ
424 460 498 511 ἔνι
522 460 588 513 τὰ
611 457 836 513 πάντα.”
893 459 1107 527 Ὀτάνης
1130 461 1223 530 μέν
1250 461 1311 528 δὴ
1338 460 1523 528 ταύτην
1546 463 1640 530 τὴν
1662 464 1797 532 γνώ-

211 558 314 606 μην
357 536 597 608 ἐσέφερε.
807 539 1115 610 Μεγάβυζος
1166 539 1223 591 δέ
1270 538 1543 609 ὀλιγαρχίῃ
1598 540 1798 592 ἐκέλευε
1812 543 1884 598 81

213 615 527 684 ἐπιτράπειν,
554 614 724 681 λέγων
747 616 884 669 τάδε·
943 620 979 643 “
998 617 1071 669 Τὰ
1098 616 1192 683 μὲν
1218 614 1431 678 Ὀτάνης
1458 612 1585 677 εἶπε,
1615 638 1795 685 τυραν-

211 692 326 748 νίδα
351 690 543 754 παῦων,
572 692 811 763 λελέχθω
847 693 998 761 κάμοὶ
1034 696 1210 747 ταῦτα·
1254 694 1317 747 τὰ
1354 691 1402 748 δ’
1433 694 1485 749 ἐς
1510 696 1569 747 τὸ
1600 694 1799 762 πλῆθος·

211 769 377 839 ἄνωγε
402 770 580 839 φέρειν
605 772 666 824 τὸ
702 771 902 841 κράτος,
929 773 1131 842 γνώμης
1156 773 1248 839 τῆς
1282 772 1497 843 ἀρίστης
1522 771 1792 843 ἡμάρτηκε.

211 848 398 915 ὀμίλου
457 848 558 917 γὰρ
603 844 820 919 ἀχρηίου
871 849 1019 903 οὐδέν
1067 850 1181 903 ἐστι
1235 850 1624 920 ἀξυνετώτερον,
1673 851 1793 904 οὗδέ
1809 866 1833 906 2

210 926 600 996 ὑβριστότερον·
658 928 741 981 καί
778 948 858 979 τοι
897 928 1143 997 τυράννου
1187 924 1342 998 ὕβριν
1380 926 1668 999 φεύγοντας
1704 928 1793 981 ἄν·

211 1005 336 1074 δρας
372 1002 426 1058 ἐς
459 1001 621 1071 δήμου
662 1005 956 1057 ἀκολάστου
995 1002 1147 1076 ὕβριν
1180 1006 1385 1059 πεσέειν
1410 1006 1525 1059 ἐστὶ
1564 1006 1796 1075 οὐδαμῶς

211 1082 520 1153 ἀνασχετόν,
579 1084 608 1135 ὁ
646 1082 740 1151 μὲν
776 1084 896 1153 γὰρ,
934 1080 984 1135 εἴ
1016 1104 1069 1135 τι
1108 1083 1285 1144 ποιέει,
1313 1085 1579 1153 γινώσκων
1610 1083 1789 1139 ποιέει·
1811 1096 1837 1137 8

208 1163 284 1231 τῷ
314 1160 369 1212 δέ
405 1158 466 1212 οὔ
501 1161 770 1229 γινώσκειν
804 1161 896 1214 ἔνι.
939 1165 1039 1215 κῶς
1075 1160 1176 1232 γὰρ
1211 1160 1273 1213 ἂν
1304 1164 1566 1231 γινώσκοι,
1596 1160 1653 1217 ὃς
1686 1160 1791 1215 οὔτ’

211 1236 474 1305 ἐδιδάχθη,
503 1240 622 1290 οὔτε
649 1234 756 1291 οἶδε
782 1240 940 1293 καλὸν
965 1238 1132 1300 οὐδὲν,
1162 1238 1268 1292 οὐδ’
1297 1238 1520 1309 οἶκῆῒονς
1565 1239 1710 1292 ὠθέει
1736 1260 1793 1291 τε

211 1315 450 1383 ἐμπεσὼν
491 1316 558 1368 τὰ
596 1314 868 1387 πρήγματα
920 1316 1038 1369 ἀνευ
1084 1318 1219 1381 νόου,
1268 1318 1527 1389 χειμάρρῳ
1580 1317 1793 1389 ποταμῷ

208 1390 412 1454 ἴκελοςς
458 1391 613 1467 Δῆμῳ
651 1394 744 1462 μέν
769 1416 874 1455 νυν,
903 1390 953 1446 οἳ
990 1393 1231 1463 Πέρσῃσι
1267 1396 1419 1448 κακὸν
1446 1394 1668 1458 νοέουσι,
1698 1393 1789 1446 οὗ·

209 1490 292 1524 τοι
331 1470 596 1541 χράσθων.
666 1471 807 1539 ἡμεῖς
851 1473 926 1532 δέ,
971 1471 1168 1540 ἀνδρῶν
1209 1477 1310 1525 τῶν
1350 1472 1577 1542 ἀρίστων
1614 1472 1786 1527 ἐπιλέ-
1806 1483 1832 1523 4

209 1548 388 1615 ξαντες
418 1550 636 1617 ὁμιλίην,
665 1548 898 1603 τοῦτοισι
931 1547 1241 1619 περιθέωμεν
1266 1551 1327 1603 τὸ
1362 1551 1564 1620 κράτος·
1610 1550 1665 1603 ἐν
1688 1551 1787 1623 γὰρ
1806 1562 1830 1601 5

209 1627 272 1694 δὴ
315 1625 546 1681 τούτοισι
582 1628 664 1681 καὶ
703 1627 846 1680 αὐτοὶ
883 1626 1179 1693 ἐνεσόμεθα.
1234 1627 1462 1697 ἀρίστων
1500 1628 1556 1680 δὲ
1594 1628 1792 1699 ἀνδρῶν

199 1704 347 1758 ὀἰκὸς
387 1704 573 1774 ἄριστα
612 1703 940 1773 βουλεῦματα
978 1703 1213 1775 γίνεσθαι
1221 1698 1270 1758 .”
1353 1706 1658 1777 Μεγάβυζος
1698 1707 1793 1774 μὲν

209 1782 272 1849 δὴ
300 1780 483 1849 ταύτην
507 1785 710 1854 γνώμην
736 1783 975 1854 ἐσέφερε.
1147 1782 1329 1853 Τρίτος
1357 1784 1412 1836 δὲ
1433 1786 1647 1853 Δαρεῖος
1666 1783 1787 1837 ἀπε·
1811 1783 1888 1837 82

208 1860 436 1913 δείκνυτο
460 1863 680 1931 γνώμην.
708 1861 893 1932 λέγων·
956 1864 995 1887 “
1014 1859 1161 1930 Ἐμοὶ
1188 1861 1243 1915 δέ
1270 1862 1333 1914 τὰ
1359 1861 1451 1929 μὲν
1477 1856 1586 1915 εἶπε
1614 1863 1788 1931 Μεγά-

207 1939 366 2004 βυζος
393 1938 443 1993 ἐς
479 1939 537 1991 τὸ
571 1938 768 2005 πλῆθος
802 1940 1008 2007 ἔχοντα,
1039 1939 1203 1993 δοκέει
1242 1939 1406 2010 ὀρθῶς
1443 1940 1612 2006 λέξαι·
1654 1940 1716 1992 τὰ
1745 1938 1789 1992 δ’

209 2016 264 2070 ἐς
288 2016 610 2087 ὀλιγαρχίην,
639 2017 738 2069 οὐκ
767 2016 947 2087 ὀρθῶς.
1005 2023 1169 2087 Τριῶν
1194 2018 1293 2089 γὰρ
1324 2019 1680 2089 προκειμένων,
1710 2018 1790 2071 καὶ
1807 2026 1832 2067 2

206 2094 410 2147 πάντων
446 2100 546 2147 τῶν
583 2094 720 2165 λέγω
761 2094 987 2164 ἀρίστων
1024 2095 1224 2155 ἐόντων,
1263 2094 1425 2164 δήμου
1459 2118 1515 2149 τε
1554 2096 1788 2165 ἀρίστου,

207 2173 291 2223 καὶ
333 2171 650 2242 ὀλιγαρχίης,
680 2172 763 2225 καὶ
803 2173 1114 2241 μουνάρχου,
1142 2176 1328 2245 πολλῷ
1362 2176 1513 2225 τοῦτο
1548 2172 1790 2241 προέχειν

205 2247 365 2319 λέγω.
422 2249 605 2317 ἀνδρὸς
642 2251 743 2321 γὰρ
783 2251 896 2305 ἐνὸς
935 2253 1028 2303 τοῦ
1064 2250 1283 2319 ἀρίστου
1318 2250 1467 2302 οῦδὲν
1491 2249 1693 2316 ἄμεινον
1732 2250 1833 2302 ave

207 2326 411 2396 φανείη·
456 2328 629 2397 γνώμῃ
665 2329 766 2398 γὰρ
792 2324 999 2395 τοιαύτῃ
1038 2330 1342 2398 χρεώμενος,
1372 2324 1693 2396 ἐπιτροπεύοι
1732 2327 1793 2380 ἂν

207 2403 491 2473 ἀμωμήτως
518 2409 611 2459 τοῦ
645 2404 887 2472 πλῆθεος·
933 2408 1129 2478 σιγῷτό
1162 2427 1219 2458 τε
1246 2404 1308 2457 ἂν
1347 2400 1675 2470 βουλεύματα
1710 2404 1793 2459 ἐπὶ

207 2482 490 2550 δυσμενέας
515 2482 700 2553 ἄνδρας
724 2480 857 2536 οὕτω
883 2486 1130 2552 μάλιστα.
1172 2482 1228 2536 ἐν
1254 2481 1310 2536 δέ
1338 2482 1630 2552 ὀλιγαρχίῃ,
1658 2484 1833 2536 wok-C

205 2562 356 2614 λοῖσι
381 2560 564 2633 ἀρετὴν
583 2561 897 2616 ἐπασκέουσι
925 2561 976 2618 ἐς
1002 2564 1063 2615 τὸ
1089 2562 1274 2622 κοινὸν,
1296 2560 1453 2629 ἔχθεα
1476 2557 1581 2613 ἴδια
1600 2559 1793 2630 ἰσχυρὰ
