1975 2892
247 127 324 184 28
841 139 1249 184 ΗΡοΔοΤοΥ

1476 193 1548 241 [Α.
1562 193 1607 232 C.
1624 191 1844 232 beo—546.

249 251 496 321 ἀτρεκέως
535 247 689 305 εἶπαι.
739 251 787 304 εἳ
810 252 868 305 δὲ
893 253 1062 322 χρεών
1089 251 1203 305 έστι
1237 254 1626 320 τεκμαιρόμενον
1661 249 1838 319 λέγειν

249 332 391 381 τοῖσι
411 333 500 382 νῦν
519 330 592 382 ἔτι
613 330 759 382 ἐοῦσι
786 332 1097 400 Πελασγῶν,
1120 335 1221 381 τῶν
1240 329 1369 399 ὑπὲρ
1395 333 1669 398 Τυρσηνῶν
1696 335 1837 396 Κρη-

253 412 425 460 στῶνα
449 410 604 460 πόλιν
631 406 913 468 οἰκεόντων,
943 404 993 460 οἳ
1020 406 1233 476 ὅμουροί
1267 427 1384 459 κοτε
1416 403 1551 472 ἦσαν
1575 408 1715 458 τοῖσι
1749 409 1843 458 νῦν

253 488 509 556 Δωριεῦσι
536 484 909 553 καλεομένοισι,
939 483 1105 538 οἴκεον
1132 485 1186 538 δὲ
1214 488 1479 551 τηνικαῦτα
1510 485 1606 554 γῆν
1629 482 1721 550 τὴν
1748 487 1841 535 νῦν

207 565 234 606 ²
254 565 613 616 Θεσσαλιῶτιν
638 563 964 630 καλεομένην·
1010 563 1093 616 καὶ
1118 563 1209 630 τὴν
1236 562 1467 628 Πλακίην
1492 583 1549 614 τε
1588 561 1669 613 καὶ
1705 567 1837 612 Σκυ-

252 642 414 708 λάκην
439 644 731 711 Πελασγῶν
756 640 1058 694 οἰκισάντων
1085 641 1139 693 ἐν
1162 640 1552 710 Ἑλλησπόντῳ,
1582 635 1631 690 οἳ
1659 635 1837 691 σύνοι-

254 739 334 771 κοι
355 719 586 790 ἐγένοντο
605 717 940 785 Ἀθηναίοισι·
984 719 1068 771 καὶ
1087 717 1188 771 ὅσα
1208 718 1345 770 ἅλλα
1370 717 1674 786 Πελασγικὰ
1691 715 1842 769 ε’όντα

255 798 556 864 πολίσματα
588 799 648 849 τὸ
684 799 874 864 οὔνομα
907 795 1182 864 μετέβαλε·
1226 795 1271 847 εἷ
1301 793 1532 848 τούτοισι
1567 796 1837 862 τεκμαιρό·

255 895 408 941 μενον
434 875 512 927 δεῖ
534 874 723 944 λέγειν,
751 872 886 940 ἦσαν
913 876 962 926 οἱ
989 873 1261 944 Πελασγοὶ
1291 874 1559 942 βάρβαρον
1582 873 1843 943 γλῶσσαν

210 957 235 996 ⁸
261 951 435 1006 ἱέντες.
500 951 546 1004 εἶ
570 951 741 1005 τοίνυν
765 950 828 1018 ἦν
853 953 935 1004 καὶ
959 955 1063 1006 πᾶν
1087 955 1290 1004 τοιοῦτο
1316 953 1376 1003 τὸ
1405 950 1753 1017 Πελασγικὸν,
1776 951 1839 1002 τὸ

257 1028 490 1082 Ἀττικὸν
513 1029 676 1087 ἔθνος,
707 1031 790 1082 ἐὸν
816 1031 1163 1101 Πελασγικὸν,
1191 1029 1293 1097 ἅμα
1318 1032 1378 1096 τῇ
1406 1030 1667 1096 μεταβολῇ
1696 1029 1757 1094 τῇ
1788 1027 1842 1082 ἐς

212 1106 517 1174 &Eumae
543 1107 624 1158 καὶ
650 1107 742 1174 τὴν
769 1110 1027 1174 γλῶσσαν
1051 1106 1318 1175 μετέμαθε.
1388 1106 1471 1158 καὶ
1501 1107 1601 1176 γὰρ
1630 1105 1691 1172 δὴ
1719 1107 1841 1157 οὔτε

259 1185 310 1237 οἶ
337 1186 720 1255 Κρηστωνιῆται
740 1184 1010 1252 οὐδαμοῖσι
1030 1190 1131 1236 τῶν
1152 1188 1238 1238 νῦν
1259 1185 1429 1253 σφεας
1454 1184 1843 1253 περιοικεόντων

261 1261 366 1314 εἶσὶ
402 1265 758 1332 ὁμόγλωσσοι,
794 1264 912 1314 οὔτε
947 1264 997 1314 οἱ
1034 1262 1331 1329 Πλακιηνοί·
1403 1262 1567 1331 σφίσι
1604 1261 1677 1321 δὲ,
1712 1263 1837 1328 ὁμό-

259 1342 524 1410 γλωσσοι·
586 1339 809 1405 δηλοῦσί
831 1361 906 1405 τε,
936 1339 1035 1400 ὅτι,
1064 1342 1154 1393 τὸν
1179 1338 1435 1407 ἠνείκαντο
1460 1341 1713 1409 γλώσσης
1738 1359 1839 1407 χα-

260 1420 483 1488 ρακτῆρα
500 1417 888 1487 μεταβαίνοντες
908 1419 960 1472 ἐς
978 1421 1135 1471 ταῦτα
1162 1419 1225 1470 τὰ
1251 1417 1432 1487 χωρία,
1456 1420 1638 1469 τοῦτον
1656 1417 1843 1484 ἔχουσι

165 1495 241 1549 58
263 1497 317 1549 ἐν
342 1498 568 1566 φυλακῇ.
761 1497 832 1548 Τὸ
860 1497 917 1549 δὲ
934 1495 1236 1562 Ἑλληνικὸν
1261 1497 1486 1566 γλώσσῃ
1512 1495 1623 1563 μὲν,
1647 1493 1758 1547 ἐπεί
1782 1515 1844 1546 τε

264 1575 481 1645 ἐγένετο,
519 1573 618 1628 αἰεί
655 1595 773 1627 κοτε
811 1577 873 1641 τῇ
917 1574 1041 1640 αὐτῇ
1084 1573 1387 1642 διαχρέεται,
1428 1573 1495 1627 ὣς
1534 1573 1646 1640 ἐμοὶ
1686 1591 1841 1624 κατα-

222 1660 248 1700 2
264 1653 498 1721 φαίνεται
519 1648 661 1705 εἶναι.
712 1651 1038 1720 ἀποσχισθὲν
1054 1650 1226 1716 μέντοι
1248 1651 1347 1704 ἀπὸ
1368 1654 1459 1703 τοῦ
1486 1652 1845 1719 Πελασγικοῦ,

265 1730 350 1782 ἐὸν
368 1729 598 1790 ἀσθενές,
618 1730 719 1782 ἀπὸ
741 1733 958 1798 σμικροῦ
977 1719 1066 1781 τέο
1091 1728 1183 1796 τὴν
1203 1728 1365 1797 ἀρχὴν
1392 1729 1725 1798 ὅρμεώμενον,
1749 1731 1845 1779 αὔ·

266 1807 412 1873 ξηται
441 1806 493 1861 ἐς
526 1806 724 1872 πλῆθος
749 1813 850 1860 τῶν
881 1806 1065 1859 ἐθνέων
1091 1809 1321 1867 πολλῶν,
1350 1808 1582 1874 μάλιστα
1614 1825 1846 1875 προσκε-

264 1886 570 1953 χωρηκότων
594 1884 729 1955 αὐτῷ
755 1886 836 1937 καὶ
869 1883 1049 1937 ἄλλων
1083 1884 1265 1937 ἐθνέων
1298 1885 1578 1953 βαρβάρων
1614 1889 1844 1950 συχνῶν.

225 1962 394 2030 δπρὸς
429 1960 490 2026 δὴ
527 1960 597 2013 ὧν
632 1961 745 2028 ε’μοί
777 1983 834 2014 τε
867 1962 1029 2015 δοκέει
1066 1962 1183 2015 οὐδὲ
1218 1964 1278 2014 τὸ
1316 1962 1643 2032 Πελασγικὸν
1677 1959 1847 2023 ἔθνος,

267 2039 351 2092 ε’ὸν
374 2039 659 2106 βάρβαρον,
688 2039 882 2102 οὐδαμὰ
907 2041 1143 2103 μεγάλως
1169 2039 1461 2105 αὐξηθῆναι.

173 2118 252 2172 59
350 2112 552 2167 Τούτων
589 2114 649 2181 δὴ
687 2112 756 2165 ῶν
788 2118 888 2167 τῶν
927 2113 1111 2165 ἐθνέων
1147 2117 1206 2168 τὸ
1236 2115 1332 2182 μὲν
1370 2108 1593 2166 Ἀττικὸν
1625 2114 1839 2179 κατεχό-

271 2194 422 2261 μενόν
450 2213 508 2245 τε
542 2193 622 2246 καὶ
658 2189 1033 2254 διεσπασμένον
1072 2191 1377 2246 ἐπυνθάνετο
1413 2195 1443 2245 ὁ
1474 2193 1696 2258 Κροῖσος
1733 2189 1841 2241 ὑπὸ

269 2271 652 2339 Πεισιστράτου
705 2273 796 2321 τοῦ
851 2268 1229 2338 Ἱπποκράτεος,
1284 2273 1467 2322 τοῦτον
1516 2271 1606 2322 τὸν
1656 2271 1853 2336 χνίνον

227 2365 254 2405 2
269 2346 655 2416 τυραννεύοντος
672 2345 968 2412 Ἀθηναίων.
1012 2346 1334 2416 Ἱπποκράτεϊ
1356 2347 1474 2416 γὰρ,
1498 2347 1628 2399 ἐόντι
1650 2346 1850 2414 ἰδιώτῃ,

271 2425 352 2476 καὶ
379 2423 646 2493 θεωρέοντι
671 2425 734 2477 τὰ
759 2422 1036 2490 Ὀλύμπια,
1059 2424 1207 2494 τέρας
1235 2423 1431 2493 ἐγένετο
1458 2424 1607 2494 μέγα.
1652 2421 1849 2477 θύσαν-

269 2520 360 2553 τος
383 2501 483 2569 γὰρ
510 2502 665 2554 αὐτοῦ
692 2503 756 2553 τὰ
784 2502 883 2570 ἱρὰ,
908 2502 956 2553 οἱ
983 2501 1201 2566 λέβητες
1228 2501 1555 2561 ἐπεστεῶτες,
1579 2502 1659 2553 καὶ
1688 2507 1854 2572 κρεῶν

271 2596 328 2628 τε
363 2576 530 2631 ἐόντες
563 2579 776 2647 ἔμπλεοι
815 2580 896 2630 καὶ
929 2575 1132 2639 ὕδατος,
1170 2577 1287 2630 ἄνευ
1325 2580 1487 2649 πυρὸς
1526 2579 1723 2644 ἔζεσαν,
1762 2582 1853 2636 καὶ
