1975 2892
277 121 394 177 364
893 131 1297 178 ΗΡοΔοΤοΥ

1498 184 1572 232 [Α.
1596 186 1646 225 0.
1669 185 1881 226 513-607.

287 246 547 299 δείσαντες
572 243 640 311 μὴ
677 241 816 316 ἁλῴη
845 242 875 311 ἢ
904 247 1049 314 καρῇ,
1079 240 1359 313 ταχύτερον
1394 243 1803 312 συμμίσγοιμεν
1824 244 1879 293 ἂν

245 321 337 378 ιές
361 323 530 391 μάχην
554 322 687 388 ὑμῖν·
734 322 779 374 εί
815 322 869 374 δέ
906 320 1013 374 δέοί
1038 322 1237 376 πάντως
1273 320 1326 376 ἐς
1350 323 1502 373 τοῦτο
1545 322 1686 372 κατὰ
1728 322 1875 387 τάχος

288 399 630 460 ἀπικνέεσθαι,
673 401 988 470 τυγχάνουσι
1029 397 1147 466 ἡμῖν
1186 398 1355 453 ἐόντες
1397 400 1559 466 τάφοι
1602 394 1874 467 πατρὼΐοι,

289 477 491 548 φέρετε,
521 476 729 532 τούτους
759 479 1071 546 ἀνευρόντες,
1102 478 1343 548 συγχέειν
1374 475 1631 545 πειρᾶσθε
1674 475 1875 530 αὐτούς·

290 557 371 608 καὶ
396 556 665 626 γνώσεσθε
701 552 964 616 τότε,“ε”ίτε
992 555 1109 620 ὑμῖν
1142 554 1479 624 μαχησόμεθα
1505 554 1632 622 περὶ
1662 560 1772 606 τῶν
1798 555 1877 605 τά·

291 636 424 704 φων,
455 631 556 686 εἴτε
582 634 663 686 καὶ
684 633 743 685 οὗ
769 631 1124 701 μαχησόμεθα.
1166 636 1417 703 πρότερον
1438 633 1510 692 δὲ,
1534 629 1595 698 ἢν
1622 633 1702 699 μὴ
1732 631 1881 700 ἡμέας

249 723 276 763 4
294 715 449 781 λόγος
475 713 608 782 αἱρῇ,
636 711 696 764 οὗ
715 710 1033 778 συμμίξομέν
1058 730 1158 762 τοι.
1200 711 1339 779 ἀμφὶ
1362 711 1456 777 μὲν
1472 711 1615 776 μάχῃ
1649 714 1883 762 τοσαῦτα

293 788 534 858 εἰρήσθω.
619 793 889 843 Δεσπότας
927 789 982 841 δὲ
1011 787 1162 853 ἐμοὺς
1194 789 1293 841 Δία
1328 810 1384 840 τε
1410 787 1511 857 ἐγὼ
1548 788 1770 854 νομίζω,
1800 789 1883 838 τὸν

295 865 414 934 ἐμὸν
439 871 712 937 πρόγονον,
742 868 822 919 καὶ
847 865 1040 932 Ἱστίην
1068 865 1157 933 τὴν
1173 865 1402 919 Σκυθέων
1426 865 1733 929 βασίλειαν.
1758 863 1882 932 μού-

251 957 277 1000 6
295 966 409 998 νους
437 939 580 996 εἶναι.
663 947 752 997 Σοὶ
778 945 833 997 δέ
869 945 980 996 ἀντὶ
1014 944 1107 1012 μὲν
1144 945 1317 1014 δώρων
1346 946 1442 1012 ’γῆς
1476 964 1533 994 τε
1560 943 1647 994 καὶ
1677 941 1884 1002 ὕδατος,

296 1023 433 1092 δῶρα
457 1022 652 1092 πέμψω
680 1025 887 1075 τοιαῦτα
906 1018 988 1074 οἷά
1017 1043 1105 1074 σοι
1131 1022 1311 1094 πρέπει
1338 1020 1527 1074 ἐλθεῖν·
1572 1021 1692 1074 ἀντὶ
1714 1021 1773 1074 δὲ
1797 1025 1887 1072 τοῦ

297 1099 374 1152 ὅτι
402 1100 654 1167 δεσπότης
681 1102 881 1169 ἔφησας
898 1095 1024 1152 εἶναι
1050 1098 1191 1166 ε’μὸς,
1221 1099 1414 1152 κλαίειν
1439 1095 1640 1166 λέγω.”
1690 1098 1889 1165 (Τοῦτό

253 1189 279 1230 6
298 1176 412 1230 ἐστι
438 1175 468 1243 ἧ
496 1177 596 1230 ἀπὸ
624 1177 853 1230 Σκυθέων
889 1173 1093 1249 ῥῆσις.)
1170 1178 1231 1230 Ὃ
1257 1176 1349 1246 μὲν
1377 1177 1437 1245 δὴ
1465 1176 1622 1247 κῆρυξ
1666 1177 1889 1246 οἰχώκεε

299 1253 558 1326 ἀγγελέων
583 1257 740 1308 ταῦτα
767 1256 984 1324 Δαρείῳ.

165 1334 278 1388 128
375 1335 436 1388 Οἱ
489 1335 544 1388 δὲ
598 1333 826 1386 Σκυθέων
875 1329 1141 1396 βασιλέες,
1194 1328 1499 1384 ἀκούσαντες
1549 1331 1640 1396 τῆς
1690 1329 1887 1382 δουλο-

256 1409 452 1480 Εσύνης
486 1415 545 1467 τὸ
582 1416 788 1478 οὕνομα,
816 1411 972 1478 ὀργῆς
1009 1407 1361 1476 ἐπλήσθησαν.
1404 1409 1495 1473 τὴν
1528 1409 1624 1474 μὲν
1652 1409 1715 1475 δὴ
1750 1411 1889 1476 μετὰ

301 1485 660 1556 Σαυροματέων
703 1487 886 1554 μοῖραν
929 1486 1227 1554 ταχθεῖσαν,
1276 1489 1365 1554 τῆς
1414 1483 1543 1556 ἦρχε
1590 1488 1884 1546 Σκώπασις,

301 1564 580 1630 πέμπουσι,
606 1560 757 1616 Ἴωσι
798 1561 1089 1618 κελεύοντες
1129 1564 1181 1619 ἐς
1220 1567 1409 1635 λόγους
1448 1563 1723 1618 ἀπικέσθαι
1763 1562 1882 1616 τού-

302 1662 459 1700 τοισι,
489 1637 539 1693 οἳ
577 1642 667 1693 τὸν
688 1639 902 1711 Ἴστρον
941 1642 1238 1712 ἐζευγμένον
1277 1640 1575 1712 ἐφρούρεον·
1620 1643 1788 1694 αὐτῶν
1830 1643 1885 1694 δὲ

302 1721 440 1772 τοῖσι
469 1718 918 1787 ὑπολειπομένοισι
945 1720 1092 1785 ἔδοξε
1118 1723 1316 1774 πλανᾶν
1340 1721 1433 1787 μὲν
1456 1718 1633 1785 μηκέτι
1649 1720 1879 1789 Πέρσας,

259 1811 286 1852 8
305 1798 426 1850 σῖτα
453 1797 508 1850 δὲ
535 1798 779 1850 ἑκάστοτε
805 1795 1207 1868 ἀναιρεομένοισι
1244 1797 1577 1851 ἐπιτίθεσθαι.
1624 1803 1884 1865 νωμῶντες

303 1872 375 1925 ὧν
401 1877 520 1926 σῖτα
546 1874 926 1945 ἀναιρεομένους
959 1874 1080 1930 τοὺς
1111 1877 1345 1945 Δαρείου,
1376 1875 1576 1928 ἐποίευν
1602 1876 1665 1928 τὰ
1690 1878 1880 1940 βεβου-

259 1964 288 2004 4
305 1951 542 2018 λευμένα.
582 1950 614 2017 ἡ
641 1953 734 2019 μὲν
761 1952 821 2020 δὴ
847 1949 1003 2007 ἵππος
1030 1952 1121 2020 τὴν
1145 1951 1301 2008 ’ίππον
1328 1953 1425 2006 αἰεὶ
1451 1954 1701 2023 τρέπεσκε
1727 1953 1757 2020 ἡ
1784 1960 1883 2007 τῶν

305 2028 551 2081 Σκυθέων·
595 2031 644 2081 οἱ
672 2031 727 2083 δὲ
748 2036 846 2084 τῶν
867 2031 1113 2101 Περσέων
1134 2031 1340 2086 ἱππόται
1362 2030 1641 2102 φεύγοντες
1668 2031 1880 2085 ἐσέπιπ-

264 2122 396 2163 5τον
421 2107 474 2162 ἐς
499 2107 588 2160 τὸν
611 2109 783 2172 πεζόν.
828 2111 856 2161 ὁ
884 2109 939 2161 δὲ
959 2110 1112 2174 πεζὸς
1131 2110 1192 2163 ἂν
1212 2108 1497 2179 ἐπεκούρεε.
1541 2111 1589 2161 οἱ
1618 2109 1674 2162 δὲ
1701 2108 1880 2162 Σκύθαι

307 2184 644 2256 ἐσαράξαντες
673 2185 762 2254 τὴν
801 2183 956 2240 ἵππον
996 2186 1343 2259 ὑπέστρεφον,
1373 2190 1463 2240 τὸν
1500 2188 1653 2252 πεζὸν
1689 2189 1877 2256 φοβεό-

305 2285 464 2330 μενοι.
495 2264 754 2316 ἐποιεῦντο
788 2265 842 2318 δέ
869 2266 952 2316 καὶ
978 2267 1069 2320 τὰς
1102 2264 1279 2320 νύκτας
1317 2265 1684 2336 παραπλησίας
1711 2287 1875 2335 προσ-

177 2339 288 2391 129
305 2341 472 2401 βολὰς
512 2340 562 2390 οἶ
600 2338 804 2392 Σκύθαι.
1064 2345 1135 2396 Τὸ
1176 2344 1231 2396 δὲ
1271 2345 1411 2396 τοῖσι
1452 2343 1697 2412 Πέρσῃσί
1732 2365 1785 2395 τε
1818 2341 1878 2409 ἦν

308 2412 597 2481 σύμμαχον,
641 2419 722 2468 καὶ
762 2421 900 2470 τοῖσι
941 2417 1168 2486 Σκύθῃσι
1208 2420 1459 2485 ἀντίξοον,
1498 2419 1879 2486 ἐπιτιθεμένοισι

306 2491 378 2553 τῷ
405 2491 619 2555 Δαρείου
654 2496 1005 2566 στρατοπέδῳ,
1035 2497 1211 2565 θώυμα
1244 2498 1493 2567 μέγιστον
1521 2498 1663 2567 ἐρέω·
1708 2504 1803 2550 τῶν
1826 2521 1881 2551 τε

273 2567 291 2580 “
308 2555 434 2609 ὄνων
459 2561 489 2627 ἦ
517 2566 684 2632 φωνὴ,
713 2569 795 2622 καὶ
821 2576 922 2625 τῶν
949 2570 1168 2640 ἡμιόνων
1202 2576 1263 2628 τὸ
1299 2570 1455 2630 effice.
1495 2577 1615 2628 οὔτε
1648 2576 1747 2647 γὰρ
1770 2575 1882 2632 ὄνον

1956 935 1965 1112 ⁴

1962 1149 1965 1264 Ι
