1975 2892
97 165 150 202 01
189 165 238 204 ⁶⁵
271 163 330 212 4]
449 93 1356 157 MEAHOMENH.-—1v.46-5o.
1568 83 1691 146 '329

99 219 324 289 ῥεοντες,
354 217 444 268 τόν
481 237 538 267 τε
578 215 762 268 Σκύθαι
803 219 1011 287 Πόρατα
1050 217 1313 278 καλέουσι,
1333 215 1589 284 Ἕλληνες
1627 217 1684 270 δὲ

101 295 355 362 Πυρετόν·
417 295 499 346 καὶ
544 293 724 354 ἄλλος,
768 297 1060 364 Τιαραντός·
1102 296 1183 348 καὶ
1222 295 1439 366 Ἀραρός
1482 317 1557 356 τε,
1602 295 1683 347 καὶ

103 372 360 441 Νάπαρις,
403 372 484 424 καὶ
521 370 833 442 Ὀρδησσός.
891 375 920 424 6
958 373 1052 439 μὲν
1092 379 1293 442 πρῶτος
1337 373 1543 442 λεχθεὶς
1583 378 1684 426 τῶν
1705 380 1733 422 4

101 454 367 516 ποταμῶν,
411 449 586 519 μέγας,
631 451 714 502 καὶ
757 451 886 519 πρὸς
930 447 1004 517 ἧῶ
1048 449 1178 520 ῥέων
1223 452 1568 504 ἀνακοινοῦται
1613 452 1685 523 τῷ

90 525 294 598 Ἴστρῳ
342 529 400 580 τὸ
445 525 602 597 ὕδωρ·
665 530 694 580 ὁ
741 528 796 580 δὲ
844 526 1079 597 δεύτερος
1122 529 1347 597 λεχθεὶς,
1390 530 1664 598 Τιαραντὸς

102 606 239 674 πρὸς
265 605 486 674 ἑσπέρης
512 627 568 658 τε
591 607 811 673 μᾶλλον,
832 606 913 657 καὶ
941 607 1211 660 ἐλάσσων.
1255 610 1283 660 6
1311 607 1367 660 δὲ
1394 607 1454 674 δὴ
1470 605 1685 676 Ἀραρός
1707 615 1733 656 6

103 705 166 735 τε
205 683 288 735 καὶ
323 686 351 735 6
379 685 612 753 Νάπαρις
652 683 732 736 καὶ
772 687 800 736 6
827 682 1139 754 Ὀρδησσὸς,
1169 686 1253 738 διὰ
1290 684 1473 753 μέσου·
1493 681 1687 737 τούτων

106 761 288 820 ἰόντες,
313 761 639 824 ἐσβάλλουσι
668 762 719 816 ἐς
745 763 834 814 τὸν
846 759 1079 833 Ἴστρον.
1124 762 1264 816 οὗτοι
1290 763 1383 830 μὲν
1407 761 1687 834 αύτιγενέες
1708 771 1733 811 6

105 840 330 906 ποταμοὶ
377 839 609 892 Σκυθικοὶ
663 839 1062 908 συμπληθύουσι
1108 842 1279 894 αὐτόν.
1486 840 1577 892 Ἐκ
1630 841 1685 893 δὲ
1709 839 1787 892 49

105 915 446 989 Ἀγαθύρσων
505 919 673 988 Μάρις
735 920 962 986 ποταμὸς
1026 918 1156 990 ῥέων
1214 920 1560 990 συμμίσγεται
1616 923 1690 990 τῷ

17 1057 19 1062 ¹
101 992 314 1066 Ἴστρῳ.
379 997 434 1047 ἐκ
481 997 536 1048 δὲ
575 1000 668 1048 τοῦ
710 994 872 1064 Αἵμου
911 1002 1013 1049 τῶν
1055 998 1320 1067 κορυφέων
1359 999 1493 1068 τρεῖς
1532 996 1687 1048 ἄλλοι
1708 1005 1733 1044 2

110 1075 346 1141 μεγάλοι,
389 1072 590 1144 ῥέοντες
634 1076 765 1144 πρὸς
807 1077 972 1145 βορῆν
1012 1073 1211 1143 ἄνεμον,
1258 1076 1588 1140 ἐσβάλλουσι
1636 1075 1688 1129 ἐς

112 1152 284 1211 αὐτὸν,
301 1149 515 1217 Ἀτλας,
546 1154 628 1205 καὶ
659 1155 845 1223 Αὔρας,
876 1153 958 1205 καὶ
990 1153 1213 1217 Τίβισις·
1260 1154 1343 1206 διὰ
1378 1153 1434 1206 δὲ
1470 1147 1689 1221 θρηΐκης

15 1235 21 1246 “
113 1231 197 1281 καὶ
232 1225 462 1299 Θρηίκων
496 1236 597 1282 τῶν
623 1228 901 1298 Κροβύζων
934 1230 1155 1302 ῥέοντες,
1170 1230 1383 1301 Ἀθρυς,
1414 1232 1495 1284 καὶ
1531 1233 1685 1297 Νόης,

114 1309 197 1360 καὶ
221 1306 483 1377 Ἀρτάνης,
513 1308 770 1361 ἐκδιδοῦσι
807 1310 860 1363 ἐς
894 1311 984 1362 τὸν
998 1307 1228 1380 Ἴστρον·
1272 1310 1327 1360 ἐκ
1363 1310 1419 1362 δὲ
1455 1311 1688 1360 Παιόνων

115 1387 197 1438 καὶ
231 1388 407 1455 οὔρεος
431 1385 689 1452 Ῥοδόπης,
719 1385 866 1440 Σκίος
899 1389 1143 1455 ποταμὸς,
1172 1387 1335 1456 μέσον
1370 1387 1566 1454 σχίζων
1602 1387 1691 1438 τὸν

114 1459 292 1531 Αἷμον,
337 1464 535 1517 ἐσδιδοῖ
574 1465 626 1518 ές
664 1465 834 1517 αὐτόν.
895 1465 954 1530 ἐξ
992 1463 1261 1535 ’Ῑλλυριῶν
1300 1464 1356 1517 δὲ
1394 1462 1524 1533 ῥέων
1562 1465 1735 1534 πρὸςδ

29 1594 37 1603 ,
113 1544 278 1612 βορῆν
304 1541 486 1609 ἄνεμον
503 1539 731 1612 ’Ἄγγρος
764 1544 1009 1609 ποταμὸς,
1040 1543 1295 1606 ἐσβάλλει
1332 1543 1383 1596 ἐς
1418 1541 1594 1596 πεδίον
1628 1544 1688 1595 τὸ

115 1621 479 1690 Τριβαλλικὸν,
510 1622 591 1672 καὶ
631 1621 682 1675 ἐς
720 1622 950 1688 ποταμὸν
996 1623 1245 1690 Βρόγγον·
1296 1623 1324 1672 6
1365 1620 1420 1673 δὲ
1461 1622 1692 1691 Βρόγγος

117 1697 170 1752 ἐς
207 1699 296 1750 τὸν
322 1694 554 1768 Ἴστρον.
611 1695 743 1750 οὕτω
777 1697 1118 1768 ἀμφοτέρους,
1149 1699 1321 1752 ε’όντας
1359 1700 1631 1768 μεγάλους,
1662 1701 1690 1751 6
1711 1709 1737 1750 4

107 1774 316 1844 Ἴστρος
343 1775 554 1828 δέκεται.
600 1776 654 1828 ἐκ
681 1776 736 1828 δὲ
767 1778 855 1844 τῆς
882 1774 1162 1846 κατύπερθε
1188 1777 1360 1847 χώρης
1378 1775 1689 1846 Ὀμβρίκων,

119 1855 313 1924 Κάρπις
337 1855 582 1921 ποταμὸς,
601 1855 682 1906 καὶ
709 1853 872 1909 ἄλλος
886 1852 1081 1910 Ἀλπις
1105 1857 1347 1924 ποταμὸς,
1376 1856 1505 1925 πρὸς
1529 1857 1693 1925 βορῆν

116 1930 315 2002 ῥέοντες
341 1931 541 2000 ἄνεμον,
572 1934 653 1984 καὶ
689 1930 828 1984 οὗτοι
866 1933 1126 1986 ἐκδιδοῦσι
1161 1935 1214 1989 ἐς
1249 1933 1417 1986 αὐτόν.
1461 1931 1566 2004 ῥέει
1590 1934 1691 2004 γὰρ
1712 1945 1735 1984 ὅ

119 2010 180 2077 δὴ
227 2011 309 2063 διὰ
353 2012 525 2076 πάσης
569 2013 658 2078 τῆς
697 2010 942 2080 Εὐρώπης
989 2005 1019 2060 ὃ
1045 2010 1276 2083 Ἴστρος,
1319 2012 1598 2083 ἀρξάμενος
1638 2013 1694 2064 ἐκ

119 2091 344 2150 Κελτῶν,
372 2084 423 2140 οἳ
456 2089 670 2158 ἔσχατοι
705 2091 836 2159 πρὸς
869 2087 1019 2154 ἡλίου
1055 2090 1289 2158 δυσμέων
1314 2091 1441 2158 μετὰ
1469 2087 1695 2156 Κύνητας

118 2165 342 2221 οἰκέουσι
388 2172 488 2218 τῶν
527 2167 582 2219 ἐν
619 2171 682 2234 τῇ
720 2167 958 2236 Εὐρώπῃ·
1012 2165 1142 2236 ῥέων
1181 2168 1237 2220 δὲ
1277 2168 1361 2220 διὰ
1398 2168 1570 2234 πάσης
1608 2169 1695 2233 τῆς

119 2245 380 2315 Εὐρώπης,
401 2244 453 2299 ε’ς
479 2245 543 2297 τὰ
566 2246 764 2315 πλάγια
789 2245 878 2310 τῆς
894 2243 1107 2310 Σκυθίης
1134 2245 1407 2308 ἐσβάλλει.
1564 2242 1691 2297 Τού-
1714 2245 1793 2298 50

119 2344 219 2375 των
245 2321 314 2375 ὧν
338 2327 439 2375 τῶν
465 2322 880 2391 καταλεχθέντων
905 2321 986 2374 καὶ
1014 2322 1189 2374 ἄλλων
1214 2325 1426 2376 πολλῶν
1454 2325 1693 2387 συμβαλ-

120 2400 348 2468 λομένων
372 2401 433 2453 τὸ
471 2400 728 2470 σφέτερον
752 2397 910 2470 ὕδωρ,
937 2399 1130 2470 γίνεται
1167 2397 1422 2470 ὁἼστρος
1456 2406 1697 2468 ποταμῶν

120 2477 380 2549 μέγιστος.
425 2478 534 2532 ἐπεὶ
561 2475 696 2548 ὕδωρ
721 2500 784 2548 γε
820 2476 873 2530 ἓν
897 2478 1028 2548 πρὸς
1064 2477 1118 2530 ἓν
1146 2480 1487 2546 συμβάλλειν,
1518 2481 1546 2531 ὁ
1574 2479 1691 2532 Νεῖ-
1714 2488 1740 2529 2

120 2558 214 2610 λος
236 2555 426 2624 πλήθεΐ
449 2555 764 2628 ἀποκρατέει·
804 2555 857 2611 ἐς
882 2557 985 2626 γὰρ
1013 2555 1073 2624 δὴ
1102 2559 1283 2609 τοῦτον
1308 2559 1426 2610 οὔτε
1449 2559 1695 2627 ποταμὸς,
