1975 2892
270 102 386 159 238
859 108 1259 155 ΗΡΟΔΟΤΟΥ
1483 158 1556 207 [Α.
1575 156 1625 195 C.
1644 154 1890 195 525—522.

239 223 406 285 σοῦτω
423 225 542 278 οὔτε
561 225 651 278 τὸν
667 226 822 292 νόμον
841 224 1045 276 ἔλυσαν
1064 222 1326 277 δείσαντες
1346 219 1653 289 Καμβύσεα·
1700 216 1787 273 ἵνα
1822 242 1901 272 τε

273 304 338 371 μὴ
358 302 502 356 αὐτοὶ
527 301 820 355 ἀπόλωνται
845 303 936 355 τὸν
961 303 1117 369 νόμον
1134 300 1582 369 περιστέλλοντες,
1604 298 1895 367 παρεξεῦ-

273 402 362 451 ρον
381 380 547 433 ἄλλον
565 383 720 449 νόμον
741 378 1015 449 σύμμαχον
1035 400 1105 451 τῳ
1126 377 1329 431 θέλοντι
1353 376 1559 448 γαμέειν
1574 377 1893 474 ἀδελφεάς.

239 461 398 521 τΤότε
424 458 518 555 μὲν
544 458 606 525 δὴ
634 462 662 511 ὁ
691 456 1031 527 Καμβύσης*
1000 478 1155 527 εγημε
1181 455 1273 523 τὴν
1298 454 1565 526 ἐρωμένην·
1606 476 1747 523 μετα
1781 456 1903 523 μέν

272 557 354 589 τοι
393 536 454 588 οὗ
492 538 698 591 πολλὸν
727 539 918 607 χρόνον
949 536 1080 603 ἔσχε
1114 534 1282 601 ἄλλην
1316 531 1593 602 ἀδελφεήν.
1640 534 1901 586 τουτέων

275 614 401 683 δῆτα
435 614 528 681 τὴν
553 614 813 684 νεωτέρην,
843 612 1191 681 ἐπισπομένην
1216 612 1265 665 οἱ
1300 610 1377 665 ἐπ’
1415 608 1701 680 Αιγυπτον,
1732 612 1893 664 κτεί-

188 692 264 748 32
277 713 368 747 νει.
565 690 729 760 Ἀμφὶ
749 690 806 744 δε
830 695 902 763 τῷ
927 690 1128 763 θανάτῳ
1164 690 1317 759 αὐτῆς
1350 689 1507 756 διξὸς,
1538 689 1725 759 ωσπερ
1752 692 1895 759 περὶ

276 770 539 840 Σμέρδιος,
566 769 770 838 λέγεται
795 770 976 838 λόγος.
1051 767 1306 835 ’Έλληνες
1329 768 1422 836 μὲν
1445 767 1692 837 λέγουσι,
1724 775 1887 835 Καμ-

275 846 444 911 βύσεα
472 844 786 915 συμβαλέειν
805 844 1033 914 σκύμνον
1050 846 1261 903 λέοντος
1288 844 1505 899 σκύλακι
1530 848 1705 901 κυνός·
1742 845 1885 900 θεω-

239 925 408 994 Ξρέειν
433 924 490 977 δὲ
517 924 599 976 καὶ
624 924 716 990 τὴν
738 927 950 995 γυναῖκα
984 923 1187 992 ταύτην.
1233 923 1501 993 νικωμένου
1528 924 1586 976 δὲ
1612 927 1713 977 τοῦ
1742 922 1881 977 σκύ-

274 1005 448 1061 λακος,
472 1002 730 1071 ἀδελφεὸν
749 1002 904 1056 αὐτοῦ
931 1003 1098 1057 ἄλλον
1120 1001 1369 1064 σκύλακα,
1390 1000 1759 1072 ἀπορρήξαντα
1788 1006 1881 1057 τὸν

277 1081 486 1148 δεσμὸν,
513 1080 892 1150 παραγενέσθαι
933 1083 1001 1134 οἷ·
1060 1079 1151 1135 δύο
1194 1081 1252 1135 δὲ
1286 1080 1587 1150 γενομένους
1626 1077 1773 1133 οὕτω
1816 1080 1879 1148 δὴ

239 1167 264 1209 8
277 1157 396 1214 τοὺς
424 1154 684 1212 σκύλακας
726 1158 1062 1229 ἐπικρατῆσαι
1102 1162 1196 1212 τοῦ
1232 1156 1478 1227 σκύμνου.
1528 1157 1611 1211 καὶ
1646 1160 1747 1211 τὸν
1782 1162 1881 1227 μὲν

279 1234 562 1305 Καμβύσεα
587 1234 800 1303 ἥδεσθαι
817 1235 1085 1304 θεώμενον·
1109 1236 1201 1305 τὴν
1215 1237 1289 1299 δὲ,
1306 1235 1595 1306 παρημένην
1611 1234 1881 1307 δακρύειν.

279 1313 564 1383 Καμβύσεα
599 1313 654 1366 δὲ
693 1313 920 1381 μαθόντα
952 1319 1125 1377 τοῦτο,
1153 1314 1446 1386 ἐπείρεσθαι
1472 1316 1605 1368 διότι
1636 1314 1878 1385 δακρύοι·

279 1393 370 1461 τὴν
390 1394 446 1447 δὲ
473 1391 646 1453 εἰπεῖν,
671 1392 738 1448 ὡς
765 1391 950 1447 ἰδοῦσα
974 1395 1066 1447 τὸν
1086 1391 1318 1447 σκύλακα
1343 1394 1415 1465 τῷ
1434 1392 1681 1466 ἀδελφεῷ
1709 1414 1876 1462 τιμω-

280 1470 526 1540 ρήσαντα,
551 1467 835 1539 δακρύσειε,
856 1471 1147 1539 μνησθεῖσά
1172 1492 1228 1525 τε
1248 1470 1507 1541 Σμέρδιος,
1526 1472 1611 1524 καὶ
1629 1471 1877 1539 μαθοῦσα

243 1551 351 1605 ιὼς
377 1549 524 1619 κείνῳ
559 1547 650 1601 οὐκ
691 1545 765 1616 εἴη
803 1552 832 1603 ὁ
870 1548 1194 1620 τιμωρήσων.
1268 1548 1523 1615 Ἕλληνες
1556 1545 1653 1617 μὲν
1690 1550 1755 1617 δὴ
1792 1551 1875 1603 διὰ

279 1630 434 1679 τοῦτο
471 1628 532 1679 τὸ
569 1626 692 1683 ἔπος
725 1627 866 1697 φασὶ
899 1626 1057 1695 αὖτὴν
1088 1626 1377 1681 ἀπολέσθω
1411 1626 1512 1681 ὑπὸ
1548 1625 1870 1695 Καμβύσεω.

280 1702 556 1775 Αἰγύπτιοι
609 1703 685 1768 δὲ,
733 1705 803 1759 ὣς
854 1705 1075 1776 τραπέζῃ
1127 1704 1547 1775 περικατημένων,
1596 1707 1874 1769 λαβοῦσαν

283 1781 502 1852 θρίδακα
534 1782 632 1849 τὴν
672 1786 886 1855 γυναῖκα
931 1785 1213 1853 περιτῖλαι,
1254 1782 1337 1835 καὶ
1383 1781 1749 1853 ἐπανείρεσθαι
1790 1785 1877 1835 τὸν

282 1858 457 1928 ἄνδρα,
505 1862 713 1931 κότερον
757 1860 1141 1931 περιτετιλμένη
1186 1859 1218 1927 ἡ
1265 1859 1447 1930 θρίδαξ
1491 1858 1523 1927 ἦ
1570 1860 1763 1913 δασεῖα
1802 1858 1877 1928 εἴη

243 1937 527 1989 δκαλλίων.
571 1939 653 1991 καὶ
678 1939 768 1993 τὸν
794 1940 971 2009 φάναι,
994 1939 1222 1993 δασεῖαν.
1266 1938 1358 2005 τὴν
1384 1936 1427 1991 δ’
1454 1938 1635 1991 ειπεῖν·
1684 1938 1877 1992 “Ταύ-

282 2034 374 2079 την
406 2014 500 2081 μέν
534 2015 617 2068 τοί
652 2036 768 2069 κοτε
795 2015 864 2069 σὺ
895 2016 988 2083 τὴν
1024 2015 1236 2087 θρίδακα
1270 2014 1544 2084 ἐμιμησαο,
1572 2017 1667 2070 τὸν
1702 2015 1883 2088 Κύρου

246 2098 271 2141 Β
285 2087 422 2145 οἶκον
467 2092 837 2165 ἀποψιλώσας.
845 2090 878 2114 ”
959 2096 1061 2149 Τὸν
1113 2095 1187 2155 δε,
1233 2092 1527 2162 θυμωθέντα
1577 2094 1874 2163 ἐμπηδῆσαι

283 2170 428 2237 αὐτῇ,
458 2169 654 2239 ἐχούσῃ
675 2172 730 2224 ἐν
753 2171 963 2239 γαστρί·
1008 2171 1093 2224 καί
1116 2192 1204 2240 μιν
1223 2171 1557 2239 ἐκτρώσασαν
1575 2171 1870 2227 αποθανεῖν.

193 2241 268 2295 33
373 2246 542 2295 Ταῦτα
578 2244 674 2311 μὲν
713 2244 764 2299 ἐς
804 2245 922 2300 τοὺς
967 2242 1186 2313 οἷκηΐους
1232 2247 1261 2297 ὁ
1310 2243 1592 2338 Καμβύσης
1638 2248 1869 2317 ἐξεμάνη,

282 2338 382 2368 ειτε
409 2317 470 2384 δὴ
499 2317 582 2369 διὰ
607 2319 697 2370 τὸν
718 2316 895 2379 'An-w,
926 2315 1029 2371 εἴτε
1054 2319 1139 2371 καὶ
1172 2318 1365 2379 ἄλλως,
1398 2340 1481 2371 οια
1512 2320 1697 2371 πολλα
1722 2320 1870 2373 ἐωθεε

243 2398 268 2435 2
283 2391 577 2457 ἀνθρώπους
623 2394 748 2446 κακὰ
793 2396 1221 2463 καταλαμβάνειν.
1266 2395 1348 2448 καὶ
1392 2397 1492 2466 γάρ
1533 2416 1647 2448 τινα
1690 2398 1775 2450 και
1816 2398 1866 2450 ἐκ

281 2469 457 2531 γενεῆς
483 2472 674 2522 νοῦσον
697 2472 928 2540 μεγάλην
961 2473 1170 2542 λέγεται
1205 2474 1345 2541 ἔχειν
1380 2476 1409 2526 ὁ
1444 2471 1753 2541 Καμβύσης,
1782 2475 1868 2542 τὴν

285 2534 395 2599 ipe„
419 2542 760 2611 οὐνομάζουσί
792 2569 944 2603 τινες.
987 2552 1051 2601 οὔ
1086 2548 1175 2604 νύν
1199 2571 1281 2603 τοι
1307 2550 1467 2606 ἀεικὲς
1492 2550 1643 2606 οὐδέν
1669 2549 1751 2619 ἦν,
1780 2557 1867 2607 τοῦ
