1975 2892
296 51 409 106 150
880 63 1286 109 ΗΡοΔοΤοΥ

290 174 486 229 τοῦτων
508 181 611 229 τῶν
636 176 835 247 ἀνδρῶν
856 175 1119 247 γενέσθω,
1149 171 1390 246 ὕστερον,
1419 174 1537 243 ἐμοί
1571 196 1636 244 γε
1673 175 1898 234 δοκέειν,

242 267 271 310 8
292 255 527 325 ἐγένοντο
552 251 765 308 τούτων.
810 257 893 306 καὶ
918 256 981 306 τὰ
1007 255 1100 322 μὲν
1125 259 1306 324 πρῶτα
1331 255 1385 306 αἱ
1403 254 1707 308 Δωδωνίδες
1737 252 1900 324 ἱρῆῖαι
1951 255 1953 300 Ι

290 332 527 402 λέγουσι·
568 333 635 385 τὰ
662 334 717 385 δὲ
753 330 964 403 ὕστερα,
993 333 1058 384 τὰ
1093 332 1146 386 ές
1170 329 1426 385 Ἡσίοδόν
1459 353 1518 385 τε
1553 332 1640 384 καὶ
1657 329 1900 401 Ὅμηρον

296 411 499 479 ἔχοντα,
528 411 631 482 ε’γῶ
655 410 815 482 λέγω.

192 493 276 548 54
380 490 716 559 Χρηστηρίων
757 490 813 542 δὲ
853 489 992 560 πέρι,
1037 494 1130 543 τοῦ
1173 512 1232 543 τε
1271 491 1328 544 ἐν
1371 489 1627 559 Ἕλλησι,
1668 489 1756 543 καὶ
1797 490 1893 541 τοῦ

248 566 349 624 ίέν
385 563 570 633 Λιβύῃ,
598 566 745 618 τόνδε
780 563 1052 635 Αἷγῦπτιοι
1085 568 1250 636 λόγον
1285 566 1528 636 λέγουσι.
1587 566 1805 636 ἔφασαν
1845 566 1896 617 οἶ

296 645 426 716 ἱρέες
464 647 557 696 τοῦ
584 643 836 709 Θηβαιέος
864 645 988 699 Διὸς
1017 648 1054 669 “
1075 642 1166 697 δύο
1206 646 1450 714 γυναῖκας
1489 638 1655 715 ἱρηΐας
1697 644 1758 697 ἐκ
1787 651 1895 709 Θη-

292 724 433 788 βέων
476 721 753 791 ἐξαχθῆναι
798 721 899 775 ὑπὸ
944 722 1209 775 Φοινίκων·
1272 723 1356 775 καὶ
1407 722 1502 790 τὴν
1545 723 1644 790 μὲν
1696 723 1898 776 αὐτέων
1953 725 1955 768 ἕ

294 800 550 854 πυθέσθαι
582 799 640 856 ἐς
666 797 862 866 Λιβύην
894 799 1202 870 πρηθεῖσαν,
1230 800 1324 867 τὴν
1359 801 1415 854 δὲ
1453 799 1508 856 ἔς
1541 800 1666 856 τούς
1682 799 1894 867 Ἕλλη-

294 890 400 933 νας·
443 875 630 934 ταύτας
665 878 722 931 δὲ
756 878 848 932 τὰς
880 880 1124 949 γυναῖκας
1159 873 1285 931 εἶναι
1321 879 1414 933 τὰς
1452 879 1806 950 ἱδρυσαμένας
1830 880 1895 931 τὰ

253 969 278 1010 8
296 954 513 1024 μαντῆῖα
537 957 743 1024 πρώτας
768 955 826 1010 ἐν
852 959 993 1009 τοῖσι
1019 955 1332 1028 εἰρημένοισι
1357 953 1590 1010 ἔθνεσι.”
1669 956 1892 1028 Εἶρομέ-

297 1055 385 1087 νου
412 1035 471 1087 δέ
492 1055 607 1102 μευ,
636 1034 817 1088 ὁκόθεν
842 1031 974 1087 οὕτω
1002 1033 1249 1104 ἀτρεκέως
1279 1032 1615 1103 ἐπιστάμενοι
1640 1036 1891 1106 λέγουσι,

298 1113 503 1182 ἔφασαν
546 1114 677 1183 πρὸς
722 1116 900 1171 ταῦτα,
947 1117 985 1138 “
1006 1110 1218 1180 ζήτησιν
1269 1114 1501 1182 μεγάλην
1547 1113 1651 1166 ἀπὸ
1705 1113 1895 1182 σφέων

297 1190 536 1262 γενέσθω
560 1195 665 1243 τῶν
687 1195 937 1262 γυναικῶν
963 1190 1200 1243 τουτέων·
1237 1192 1320 1243 καὶ
1346 1191 1574 1261 ἀνευρεῖν
1597 1191 1694 1258 μέν
1713 1193 1894 1260 σφεας

297 1269 358 1322 οὐ
384 1268 590 1323 δυνατοὶ
623 1267 885 1339 γενέσθω·
928 1267 1188 1322 πυθέσθαι
1225 1268 1281 1322 δὲ
1317 1265 1540 1339 ὕστερον
1573 1271 1738 1322 ταῦτα
1773 1271 1895 1340 περὶ
1955 1275 1957 1298 ³

201 1349 277 1402 55
298 1347 489 1401 αὐτέων
512 1347 675 1418 τάπερ
701 1347 762 1414 δὴ
792 1343 1038 1416 ἔλεγον.”
1248 1350 1416 1399 Ταῦτα
1449 1347 1545 1414 μέν
1579 1369 1672 1399 νυν
1704 1352 1815 1400 τῶν
1840 1349 1894 1400 ἐν

276 1421 509 1494 ’Θήβῃσι
556 1425 704 1496 ἱρέων
748 1427 949 1492 ἤκουον·
1015 1425 1138 1478 τάδε
1186 1424 1242 1478 δὲ
1290 1425 1605 1478 Δωδωναίων
1651 1427 1796 1495 φασὶ
1841 1427 1892 1478 αἱ

298 1506 620 1575 προμάντιες·
669 1507 704 1529 “
724 1501 830 1555 Δύο
866 1503 1141 1558 πελειάδας
1174 1502 1416 1571 μελαίνας
1453 1503 1509 1554 ἐκ
1538 1504 1758 1570 Θηβέων
1793 1509 1890 1556 τῶν
1958 1539 1959 1542 =

301 1581 615 1652 Αίγυπτιέων
656 1581 1022 1648 ἀναπταμένας,
1067 1581 1160 1649 τὴν
1202 1581 1298 1649 μὲν
1341 1580 1534 1634 αὐτέων
1581 1583 1632 1636 ἐς
1675 1580 1886 1648 Λιβύην,

254 1672 281 1713 2
302 1659 391 1727 τὴν
435 1661 492 1713 δὲ
535 1660 677 1730 παρὰ
723 1659 893 1728 σφέας
938 1659 1232 1713 ἀπικέσθαι.
1292 1659 1523 1726 ἱζομένην
1569 1659 1630 1712 δέ
1673 1682 1764 1728 μιν
1810 1661 1888 1713 ἐπὶ

301 1739 488 1808 φηγὸν,
534 1737 856 1804 αὐδάξασθαι
901 1738 1054 1806 φωνῇ’
1103 1731 1417 1809 ἀνθρωπηίῃ,
1467 1738 1536 1793 ὧς
1587 1739 1762 1808 χρεὼν
1815 1735 1884 1804 εἴη

254 1826 281 1867 8
302 1814 541 1882 μαντὴῖον
578 1815 757 1868 αὐτόθι
790 1816 911 1870 Διὸς
945 1815 1207 1887 γενέσθαι.
1265 1817 1348 1868 καὶ
1383 1815 1569 1870 αὐτοὺς
1604 1817 1886 1881 ὑπολαβεῖν

302 1891 438 1946 θεῖον
477 1888 603 1946 εἶναι
643 1895 702 1946 τὸ
743 1894 1192 1964 ἐπαγγελλόμενον
1231 1894 1452 1954 αὐτοῖσι,
1497 1894 1583 1947 καί
1623 1896 1800 1964 σφεας
1838 1895 1886 1946 ἐκ

255 1980 283 2022 4
302 1967 483 2024 τούτου
508 1973 740 2039 ποιῆσαι.
797 1971 888 2039 τὴν
924 1972 980 2025 δὲ
1017 1971 1070 2026 ἐς
1105 1971 1226 2027 τοὺς
1253 1971 1448 2036 Λίβυας
1485 1971 1764 2041 οἰχομένην
1797 1996 1885 2027 πε·

302 2048 482 2104 λειάδα
524 2049 744 2119 λέγουσι
778 2046 1054 2118 ’Ἄμμωνος
1105 2046 1427 2120 χρηστήριον
1473 2053 1723 2104 κελεῦσαι
1775 2051 1887 2106 τοὺς

254 2141 281 2186 6
304 2128 498 2191 Λίβυας
522 2127 750 2182 ποιέειν]
826 2149 942 2182 εστι
969 2128 1026 2180 δε
1054 2129 1136 2180 καὶ
1163 2132 1318 2181 τοῦτο
1346 2129 1489 2182 Διός.
1573 2131 1890 2183 Δωδωναίων

302 2207 359 2260 δὲ
386 2207 438 2260 αἱ
466 2205 639 2274 ἶρήῖαι,
669 2210 769 2259 τῶν
795 2209 857 2273 τῇ
893 2207 1229 2276 πρεσβυτάτῃ
1267 2209 1458 2273 οὕνομα
1493 2203 1555 2273 ἦν
1581 2209 1885 2277 Προμένεια,

301 2288 363 2348 τῇ
390 2283 445 2335 δε
471 2305 599 2350 μετα
624 2304 828 2349 ταυτην,
858 2283 1127 2353 Τιμαρέτη,
1156 2287 1218 2351 τῇ
1255 2284 1312 2337 δὲ
1340 2287 1580 2352 νεωτάτῃ,
1613 2288 1884 2357 Νικάνδρη,

253 2363 279 2401 ⁶
300 2358 485 2426 ἔλεγον
510 2363 687 2412 ταῦτα.
744 2362 1140 2430 συνωμολόγεον
1167 2361 1228 2414 δέ
1262 2362 1366 2430 σφι
1403 2362 1486 2414 καὶ
1511 2363 1562 2414 οἱ
1589 2362 1753 2416 ἄλλοι
1779 2373 1885 2416 Δω-

199 2425 279 2476 56
303 2431 506 2484 δωναῖοι
533 2436 582 2485 οἱ
607 2437 726 2504 περὶ
753 2437 812 2488 τὸ
840 2437 967 2504 ἱρόν.
1182 2437 1320 2508 Ἐγὼ
1347 2437 1392 2490 δ’
1421 2441 1526 2508 ἔχω
1553 2441 1674 2511 περὶ
1703 2442 1888 2494 αὐτέων

300 2503 504 2569 γνώμην
543 2509 713 2574 τήνδε.
766 2511 813 2564 εἴ
854 2512 1086 2578 ἀληθέως
1131 2515 1182 2568 οἱ
1225 2514 1453 2572 Φοίνικες
1500 2515 1760 2590 ἐξήγαγον
1801 2519 1885 2576 τὰς
