1975 2892
230 115 345 172 224
819 117 1225 165 ιιΡοΔοΤογ

1570 169 1645 218 [A.
1661 173 1710 212 0.
1733 173 1826 212 526.

230 234 410 303 μένους
433 231 615 287 λίθους
649 231 794 285 έπτά·
840 233 992 283 τοῦτο
1033 229 1090 282 δὲ
1115 227 1318 292 ποιέων,
1348 224 1610 280 ἐπικαλέει
1653 233 1756 282 τόν
1783 251 1840 281 τε

186 329 213 370 ο
234 314 485 365 Διόνυσον
520 310 603 363 καὶ
647 308 739 377 τὴν
766 308 1034 378 Οὐρανίην.
1096 305 1486 360 ἐπιτελέσαντος
1523 305 1581 358 δὲ
1639 306 1842 359 τούτου

230 391 406 448 ταῦτα,
436 391 465 440 ὁ
500 388 591 444 τὰς
625 387 801 442 πίστις
832 387 1175 453 ποιησάμενος
1205 386 1344 438 τοῖσι
1375 383 1592 452 φίλοισι
1627 406 1838 454 παρεγ-

231 472 333 540 γυᾷ
355 469 445 520 τὸν
480 466 663 533 ξεῖνον,
694 464 722 533 ἢ
752 466 831 518 καὶ
862 465 953 518 τὸν
986 463 1166 522 ἀστὸν,
1195 460 1257 529 ἢν
1291 462 1422 531 πρὸς
1447 460 1614 515 ἀστὸν
1647 463 1841 530 ποιέη-

234 558 335 599 ται·
380 546 429 598 οἱ
469 546 525 598 δὲ
562 545 715 614 φίλοι
748 565 829 597 και
860 541 1006 595 αὐτοὶ
1045 541 1135 595 τὰς
1174 540 1350 594 πίστις
1384 539 1642 592 δικαιεῦσι
1671 540 1845 605 σέβε-

186 635 214 676 4
238 622 379 677 σθαι.
425 626 677 677 Διόνυσον
703 623 758 674 δέ
787 620 903 674 θεὸν
925 623 1116 688 μοῦνον
1143 639 1223 670 και
1251 619 1341 685 τὴν
1363 617 1616 687 Οὐρανίην
1645 616 1844 689 ἡγεῦν-

235 722 318 754 ται
358 697 502 755 elnac·
548 701 628 753 καὶ
663 703 763 752 τῶν
788 702 979 768 τριχῶν
1015 697 1108 764 τὴν
1145 695 1330 767 κουρὴν
1369 695 1639 765 κείρεσθαί
1667 698 1844 766 φασι,

237 781 458 849 κατάπερ
474 778 629 831 αὐτὸν
652 778 742 830 τὸν
758 779 1012 829 Διόνυσον
1039 773 1294 845 κεκάρθαι·
1326 773 1576 843 κείρονται
1597 775 1660 827 δὲ
1684 797 1843 845 περι-

235 859 483 925 τρόχαλα,
502 854 891 925 περιξυροῦντες
916 852 1037 908 τοὺς
1065 853 1374 921 κροτάφους.
1404 851 1766 919 οὗνομάζουσι
1785 855 1844 907 δε

238 936 329 986 τὸν
368 955 461 1000 μεν
488 935 759 994 Διόνυσον,
776 930 1024 1002 Ὀροτάλ·
1075 931 1166 998 τὴν
1187 931 1243 983 δὲ
1280 929 1546 1000 Ουρανίην,
1579 929 1839 987 Ἀλιλάτ.

174 1013 213 1068 9
238 1011 384 1064 Ἐπεὶ
420 1009 490 1064 ὧν
528 1009 621 1077 τὴν
657 1007 836 1061 πίστιν
870 1026 1007 1059 τοισι
1034 1001 1311 1074 ἀγγέλοισι
1336 1006 1476 1057 τοῖσι
1499 1007 1644 1075 παρὰ
1677 1015 1829 1075 Καμ-

234 1085 415 1152 βύσεω
461 1085 789 1156 ἀπιγμένοισι
833 1082 1118 1152 ἐποιήσατο
1159 1087 1188 1137 ὁ
1229 1080 1490 1152 Ἀράβιος,
1533 1083 1841 1154 ἐμηχανᾶτο

190 1179 215 1218 2
237 1165 427 1218 τοιάδε.
483 1163 675 1219 ἀσκοὺς
711 1161 951 1232 καμήλων
984 1161 1195 1229 πλήσας
1233 1159 1434 1224 ὕδατος,
1473 1161 1709 1230 επέσαξε
1749 1164 1841 1218 ε’πὶ

236 1243 326 1298 τὰς
354 1243 484 1308 ζωὰς
508 1247 609 1295 τῶν
628 1240 867 1310 καμήλων
892 1242 1084 1295 πάσας·
1129 1243 1282 1293 τοῦτο
1303 1241 1359 1294 δὲ
1385 1239 1626 1308 ποιήσας,
1650 1245 1840 1310 ἤλασε

237 1319 291 1376 ές
332 1320 423 1390 τὴν
468 1318 699 1389 ἄνυδρον,
746 1321 828 1373 καὶ
869 1319 1103 1387 ὑπέμεινε
1149 1317 1363 1371 ἐνθαῦτα
1404 1320 1493 1371 τὸν
1530 1319 1834 1387 Καμβύσεω

190 1413 216 1454 8
239 1402 481 1471 στρατόν.
527 1397 691 1453 Οὗτος
726 1399 820 1467 μὲν
846 1400 874 1452 ὁ
900 1397 1245 1466 πιθανώτερος
1271 1402 1372 1450 τῶν
1405 1399 1580 1468 λόγων
1608 1395 1828 1468 εἴρηται·

238 1479 318 1533 δεῖ
347 1479 403 1532 δὲ
431 1479 513 1531 καὶ
548 1478 637 1531 τὸν
667 1475 839 1545 ἧσσον
870 1476 1102 1536 πιθανὸν,
1131 1474 1246 1529 ἐπεί
1274 1496 1336 1545 γε
1375 1475 1436 1542 δὴ
1477 1474 1705 1546 λέγεται,
1735 1476 1826 1546 ῥη-

190 1567 216 1606 4
238 1555 401 1624 θῆναι.
442 1558 683 1624 Ποταμός
717 1554 835 1608 ἐστι
873 1554 1032 1625 μέγας
1067 1553 1123 1606 ἐν
1161 1558 1223 1621 τῇ
1259 1551 1497 1624 Ἀραβίῃ,
1527 1557 1600 1626 τῷ
1635 1557 1828 1622 οὔνομα

238 1636 426 1705 Κόρυς·
475 1633 666 1687 ἐκδιδοῖ
712 1633 768 1687 δὲ
815 1631 964 1687 οὗτος
1003 1631 1059 1686 ἐς
1097 1631 1188 1698 τὴν
1224 1630 1478 1702 Ἐρυθρὴν
1517 1633 1828 1700 καλεομένην

191 1719 218 1760 ⁶
240 1712 535 1766 θάλασσαν.
578 1711 679 1765 ἀπὸ
718 1709 905 1764 τούτου
932 1710 993 1778 δὴ
1023 1709 1092 1762 ὧν
1126 1713 1218 1762 τοῦ
1244 1712 1477 1777 ποταμοῦ
1501 1708 1710 1780 λέγεται
1737 1713 1827 1764 τὸν

234 1790 463 1855 βασιλέα
500 1793 601 1842 τῶν
638 1787 912 1858 Ἀραβίων,
939 1787 1242 1859 ῥαψάμενον
1281 1792 1383 1841 τῶν
1423 1787 1698 1855 ὠμοβοέων
1743 1790 1824 1842 καὶ

236 1871 339 1919 τῶν
364 1867 541 1918 ἄλλων
566 1867 828 1936 δερμάτων
867 1865 1052 1935 ὀχετὸν
1077 1864 1224 1934 μήκει
1261 1862 1612 1932 ἐξικνεύμενον
1645 1864 1698 1920 ές
1731 1867 1822 1933 τὴν

234 1943 467 2014 ἄνυδρον,
499 1941 707 2014 ἀγαγεῖν
739 1943 823 1996 διὰ
850 1942 911 2011 δὴ
940 1942 1126 1997 τούτου
1161 1945 1221 1997 τὸ
1248 1941 1404 2013 ὕδωρ·
1449 1942 1505 1996 έν
1531 1943 1586 1996 δὲ
1613 1946 1672 2010 τῇ
1698 1943 1814 1997 ‹iffi-

187 2039 213 2080 ο
237 2023 341 2094 δρῳ
382 2021 610 2092 μεγάλας
662 2021 936 2090 δεξαμενὰς
982 2020 1289 2092 ὀρύξασθαι.
1339 2018 1420 2074 ἵνα
1463 2021 1717 2089 δεκόμεναι
1757 2024 1813 2075 τὸ

236 2099 373 2172 ὕδωρ
414 2099 644 2164 σώζωσι.
689 2100 808 2155 ὁδὸς
848 2098 893 2153 δ’
935 2099 1054 2153 ἔστι
1095 2099 1322 2153 δυώδεκα
1347 2098 1572 2169 ἡμερέων
1605 2099 1700 2152 ἀπὸ
1725 2103 1811 2152 τοῦ

234 2181 467 2246 ποταμοῦ
491 2177 546 2233 ἐς
580 2199 766 2245 ταυτην
800 2177 893 2246 τὴν
917 2177 1154 2249 ἄνυδρον.
1199 2177 1341 2248 ἄγειν
1381 2178 1439 2230 δέ
1461 2197 1550 2246 μιν
1579 2177 1663 2230 διὰ
1693 2177 1807 2246 ὀχε·

236 2263 337 2310 τῶν
362 2261 515 2320 τριῶν
541 2255 597 2312 ές
622 2257 772 2325 τριξὰ
797 2255 983 2326 χωρία.

140 2334 214 2386 10
380 2334 473 2388 Ἐν
520 2335 579 2388 δε
630 2337 703 2404 τῷ
765 2332 1044 2404 Πηλουσιῳ
1107 2331 1393 2402 καλεομένῳ
1459 2324 1672 2397 στόματι
1717 2335 1804 2385 τοῦ

234 2409 425 2462 Νείλου
462 2409 924 2481 ε’στρατοπεδευετο
960 2408 1289 2479 Ψαμμήνιτος
1329 2414 1358 2464 ὁ
1395 2410 1643 2476 Ἀμάσιος
1679 2413 1804 2472 παῖς,

188 2489 215 2528 2
237 2479 497 2548 ὑπομένων
534 2487 836 2554 Καμβύσεα.
868 2485 1102 2554 Ἀμασιν
1135 2487 1236 2559 γὰρ
1271 2489 1332 2541 οὗ
1365 2489 1623 2551 κατέλαβε
1662 2489 1806 2552 ζῶντα

232 2557 533 2626 Καμβύσης,
576 2563 770 2619 ἐλάσας
812 2563 893 2619 ἐπ’
923 2563 1207 2636 Αἴγυπτον·
1251 2566 1392 2620 ἀλλὰ
1430 2563 1742 2632 βασιλευσας
1775 2570 1803 2619 ὁ

1942 746 1965 837 ἱ.
