1975 2892
316 94 348 142 2
903 89 1336 154 [HERODOTI]

313 230 423 264 τοις
460 211 767 268 Θεσσαλῶν,
807 207 891 261 ἀπ’
929 206 1173 275 Εὐμήλου
1209 213 1301 261 τοῦ
1339 208 1615 277 Ἀδμήτου,
1660 211 1813 280 κάρτα
1844 209 1897 264 εὖ

315 291 450 358 ἔχων
487 292 578 341 τοῦ
619 289 763 358 βίου.
817 287 1069 341 Ἐνθαῦτα
1108 288 1427 344 ὗπεκτίθεται
1468 291 1495 342 ὁ
1538 290 1774 357 Κλεάναξ
1810 291 1897 358 τὴν

317 362 576 437 Κρηθηΐδα
619 369 746 437 πρὸς
790 365 1052 434 Ἰσμηνίην
1096 368 1185 418 τὸν
1238 371 1480 421 Βοιώτιον
1530 373 1633 422 τῶν
1684 370 1901 423 ἀποίκων

314 449 626 518 λελογχότα,
657 445 713 503 ὃς
739 445 1014 517 ἐτύγχανεν
1040 446 1174 518 αὐτῷ
1203 448 1297 500 ἐὼν
1323 451 1519 516 ἑταῖρος
1556 449 1620 501 τὰ
1654 450 1897 516 μάλιστα.

273 529 515 595 3Χρόνου
553 526 609 580 δὲ
640 527 906 596 προῖόντος
943 525 1229 592 ἐξελθοῦσα
1264 525 1295 594 ἡ
1334 523 1554 598 Κρηθηῒς
1588 527 1695 597 μετ’
1732 527 1902 582 ἄλλων

315 611 562 676 γυναικῶν
587 607 715 676 πρὸς
748 603 926 674 ἐορτῆν
956 627 1069 658 τινα
1100 605 1182 658 ἐπὶ
1214 606 1304 658 τὸν
1333 608 1564 674 ποταμὸν
1598 608 1689 660 τὸν
1720 608 1899 661 καλού-

315 707 468 752 μενον
493 685 706 753 Μέλητα
731 684 825 752 ἤδη
855 685 1085 740 ἐπίτοκος
1112 683 1245 738 οὖσα
1271 688 1425 740 τίκτει
1458 688 1547 738 τὸν
1564 683 1816 755 Ὅμηρον,
1846 689 1902 739 οὐ

317 765 538 834 τυφλὸν,
571 765 710 818 ἀλλὰ
745 765 1036 834 δεδορκότα,
1067 765 1147 817 καὶ
1187 765 1378 819 τίθεται
1418 764 1578 831 ὄνομα
1614 771 1687 838 τῷ
1724 769 1900 839 παιδίῳ

320 847 693 915 Μελησιγένεα,
721 844 821 897 ἀπὸ
848 847 939 895 τοῦ
969 847 1199 911 ποταμοῦ
1227 845 1318 912 τὴν
1339 844 1623 912 ἐπωνυμίαν
1641 847 1897 909 λαβοῦσα.

319 926 454 979 Τέως
472 925 564 991 μὲν
591 923 680 978 οὖν
705 923 735 991 ἡ
759 918 977 991 Κρηθηΐς
1005 922 1066 990 ἦν
1091 924 1227 994 παρὰ
1246 928 1319 998 τῷ
1344 924 1591 992 Ἰσμηνίῃ·
1638 929 1899 995 προῖόντος

320 1001 377 1055 δέ
404 1007 495 1056 τοῦ
521 1007 710 1072 χρόνου
739 1001 924 1071 ἐξῆλθε
951 1005 1033 1056 καὶ
1060 1002 1144 1056 ἀπ’
1176 1004 1415 1074 ἐργασίης
1434 1008 1621 1074 χειρῶν
1642 997 1897 1074 ὡρμημένη

320 1082 506 1154 ἔτρεφε
531 1087 590 1139 τὸ
622 1083 824 1138 παιδίον
859 1083 938 1135 καὶ
972 1081 1175 1149 ἑωυτὴν,
1206 1083 1397 1136 ἄλλοτε
1427 1081 1544 1152 παρ’
1578 1083 1763 1136 ἄλλων
1788 1086 1897 1156 ἔργα

319 1163 676 1230 λαμβάνουσα,
713 1163 794 1215 καὶ
831 1162 1102 1216 ἐπαίδευσε
1131 1163 1221 1217 τὸν
1252 1163 1407 1216 παῖδα
1440 1161 1534 1230 ἀφ’
1568 1162 1638 1216 ὧν
1669 1160 1891 1232 ἧδῦνατο

279 1235 419 1294 4’Hv
446 1243 505 1296 δέ
527 1265 603 1298 τις
620 1244 672 1295 ἐν
699 1240 895 1313 Σμύρνῃ
923 1247 1105 1295 τοῦτον
1130 1245 1219 1297 τὸν
1244 1244 1431 1312 χρόνον
1457 1240 1649 1310 Φήμιος
1667 1247 1895 1311 τουνομα,

320 1323 503 1378 παῖδας
553 1323 823 1395 γράμματα
875 1322 957 1376 καὶ
1010 1321 1101 1388 τὴν
1146 1324 1311 1390 ἄλλην
1356 1321 1607 1390 μουσικὴν
1652 1323 1895 1376 διδάσκων

319 1403 510 1457 πᾶσαν.
569 1401 728 1456 Οὗτος
753 1402 1028 1470 μισθοῦται
1054 1400 1143 1467 τὴν
1172 1394 1445 1472 Κρηθηιδα,
1476 1399 1546 1453 ὢν
1570 1404 1891 1474 μονότροπος,

323 1481 651 1554 ἐριουργῆσαι
696 1480 832 1557 αὐτῷ
873 1482 984 1550 εριά
1035 1501 1163 1540 τινα.
1206 1480 1240 1534 ἃ
1278 1502 1417 1550 παρα
1460 1484 1561 1534 τῶν
1599 1481 1801 1536 παίδων
1836 1481 1893 1534 εἷς

319 1561 510 1629 μισθὸν
546 1564 852 1631 ἐλάμβανεν.
907 1559 976 1614 ‘H
1019 1560 1075 1613 δὲ
1111 1561 1229 1630 παρ’
1258 1561 1391 1633 αὐτῷ
1420 1559 1685 1631 εἰργάζετο
1727 1563 1895 1631 πολλῷ
1934 1573 1936 1580 “

321 1640 520 1713 κοσμίῳ
547 1644 629 1696 καὶ
657 1639 975 1712 σωφροσύνῃ
1004 1641 1179 1709 πολλῇ
1204 1640 1455 1709 χρωμένη,
1498 1640 1579 1692 καὶ
1615 1643 1689 1712 τῷ
1735 1641 1889 1710 Φημίῳ

323 1721 480 1789 κάρτα
497 1717 759 1791 ἠρέσκετο.
789 1725 947 1775 Τελος
965 1719 1021 1772 δὲ
1038 1723 1420 1790 προσηνέγκατο
1441 1719 1567 1786 αὐτῇ
1585 1719 1782 1789 λόγους
1800 1719 1891 1772 πεί-

322 1799 426 1852 θων
454 1800 622 1872 ἑωυτῷ
649 1804 914 1862 συνοικεῖν,
944 1797 1084 1852 ἄλλα
1110 1819 1165 1850 τε
1191 1799 1366 1852 πολλὰ
1381 1797 1549 1868 λέγων
1574 1793 1649 1852 οἷς
1678 1821 1771 1866 μιν
1784 1795 1891 1871 ᾤετο

321 1878 698 1948 προσάξεσθαι,
730 1878 810 1933 καὶ
841 1879 915 1932 ἔτι
945 1877 1063 1947 περὶ
1094 1882 1185 1930 τοῦ
1216 1880 1413 1942 παιδὸς,
1447 1879 1557 1930 υἱὸν
1588 1877 1894 1947 ποιούμενος,

323 1957 406 2011 καὶ
443 1956 520 2010 ὅτι
557 1959 771 2028 τραφεὶς
806 1959 888 2012 καὶ
922 1957 1212 2012 παιδευθεὶς
1251 1957 1332 2013 ὑπ’
1372 1958 1529 2011 αὐτοῦ
1564 1955 1713 2023 ἄξιος
1750 1961 1888 2031 λόγο,

323 2036 488 2096 ἔσται,
520 2034 676 2108 (ἐώρα
703 2038 803 2108 γὰρ
830 2040 918 2090 τὸν
942 2038 1099 2091 παῖδα
1126 2035 1246 2089 ὅντα
1273 2039 1487 2092 συνετὸν
1518 2036 1600 2088 καὶ
1630 2038 1793 2108 κάρτα
1820 2033 1867 2085 εἰ

281 2115 508 2185 6φυέα,)
543 2117 652 2170 ἔστ’
688 2117 954 2172 ἀνέπεισεν
988 2115 1142 2184 αὐτὴν
1177 2119 1340 2171 ποιεῖν
1374 2119 1550 2170 ταῦτα.
1604 2112 1664 2168 ‘O
1708 2138 1821 2172 παις
1858 2115 1879 2128 “’

323 2193 384 2262 ἥν
414 2219 471 2250 τε
502 2195 668 2266 φύσιν
699 2199 832 2268 ἔχων
863 2195 1072 2266 ἀγαθὴν,
1109 2195 1375 2264 ἐπιμελίης
1406 2218 1461 2248 τε
1494 2195 1575 2247 καὶ
1609 2194 1839 2249 παιδεύω

323 2275 733 2344 προσγενομένης
771 2275 948 2328 αὐτίκα
986 2277 1187 2327 πολλὸν
1225 2279 1325 2328 τῶν
1371 2277 1573 2330 πάντων
1617 2271 1879 2344 ὑπερεῖχεν

325 2355 522 2419 Χρόνου
559 2353 600 2405 δ’
643 2355 999 2422 ἐπιγενομένου
1035 2350 1368 2420 ἀνδροῦμενος
1402 2353 1550 2406 οὗόἐν
1584 2355 1677 2404 τοῦ
1715 2349 1863 2418 Φημί(

325 2429 693 2499 ὑποδεέστερος
729 2429 789 2496 ἧν
825 2431 878 2482 ἐν
918 2433 978 2497 τῇ
1024 2430 1345 2500 διδασκαλίᾳ.
1404 2432 1501 2484 Καὶ
1544 2428 1705 2486 οὕτως
1747 2433 1773 2482 ὅ
1812 2429 1875 2494 μὲ

327 2504 516 2574 Φῆμιος
544 2507 845 2568 ἐτελεύτησε
872 2508 960 2559 τὸν
985 2509 1105 2568 βίον
1131 2510 1418 2562 καταλιπὼν
1449 2509 1613 2562 πάντα
1644 2511 1717 2582 τῷ
1746 2507 1863 2561 παιὲ

326 2584 386 2635 οὐ
413 2587 596 2655 πολλῷ
623 2584 665 2638 δ’
695 2584 912 2647 ὕστερον
940 2585 1020 2636 καὶ
1048 2584 1077 2652 ἦ
1106 2583 1323 2655 Κρηθηῒς
1350 2586 1698 2657 ἐτελεύτησεν.
1750 2585 1809 2637 ‘0
1856 2587 1872 2636 ι’
