<?xml version="1.0" encoding="UTF-8"?>
<!DOCTYPE html PUBLIC "-//W3C//DTD XHTML 1.0 Transitional//EN"
    "http://www.w3.org/TR/xhtml1/DTD/xhtml1-transitional.dtd">
<html xmlns="http://www.w3.org/1999/xhtml" xml:lang="en" lang="en">
 <head>
  <title>
</title>
<meta http-equiv="Content-Type" content="text/html;charset=utf-8" />
  <meta name='ocr-system' content='tesseract 3.04.00' />
  <meta name='ocr-capabilities' content='ocr_page ocr_carea ocr_par ocr_line ocrx_word'/>
</head>
<body>
  <div class='ocr_page' id='page_1' title='image "./herodotihistori00westgoog_0240.png"; bbox 0 0 1975 2892; ppageno 0'>
   <div class='ocr_carea' id='block_1_1' title="bbox 200 82 1775 185">
    <p class='ocr_par' dir='ltr' id='par_1_1' title="bbox 200 82 1775 185">
     <span class='ocr_line' id='line_1_1' title="bbox 200 82 1185 136; baseline -0.004 0"><span class='ocrx_word' id='word_1_1' title='bbox 200 82 309 136; x_wconf 89' lang='lat'>198</span> <span class='ocrx_word' id='word_1_2' title='bbox 781 87 1185 134; x_wconf 79' lang='grc' dir='ltr'>ΗΡοΔοΤοΥ</span> 
     </span>
     <span class='ocr_line' id='line_1_2' title="bbox 1467 137 1775 185; baseline 0.01 -8"><span class='ocrx_word' id='word_1_3' title='bbox 1467 137 1538 185; x_wconf 72' lang='grc' dir='ltr'>[Α.</span> <span class='ocrx_word' id='word_1_4' title='bbox 1553 138 1596 178; x_wconf 84' lang='lat' dir='ltr'>c.</span> <span class='ocrx_word' id='word_1_5' title='bbox 1620 139 1775 180; x_wconf 75' lang='lat'><strong>1100-</strong></span> 
     </span>
    </p>
   </div>
   <div class='ocr_carea' id='block_1_2' title="bbox 80 195 1790 2589">
    <p class='ocr_par' dir='ltr' id='par_1_2' title="bbox 80 195 1790 2589">
     <span class='ocr_line' id='line_1_3' title="bbox 194 195 1774 270; baseline -0.001 -20"><span class='ocrx_word' id='word_1_6' title='bbox 194 219 343 268; x_wconf 80' lang='grc' dir='ltr'>τερον</span> <span class='ocrx_word' id='word_1_7' title='bbox 368 198 424 250; x_wconf 76' lang='grc' dir='ltr'>δὲ</span> <span class='ocrx_word' id='word_1_8' title='bbox 448 197 696 270; x_wconf 75' lang='grc' dir='ltr'>Ἑκαταίῳ</span> <span class='ocrx_word' id='word_1_9' title='bbox 740 202 811 270; x_wconf 72' lang='grc' dir='ltr'>τῷ</span> <span class='ocrx_word' id='word_1_10' title='bbox 850 200 1114 270; x_wconf 76' lang='grc' dir='ltr'>λογοποιῷ</span> <span class='ocrx_word' id='word_1_11' title='bbox 1143 198 1198 251; x_wconf 83' lang='grc' dir='ltr'>ἕν</span> <span class='ocrx_word' id='word_1_12' title='bbox 1225 195 1774 266; x_wconf 81' lang='grc' dir='ltr'>Θήβῃσι·γενεηλογή-</span> 
     </span>
     <span class='ocr_line' id='line_1_4' title="bbox 197 273 1776 344; baseline -0.002 -16"><span class='ocrx_word' id='word_1_13' title='bbox 197 275 347 328; x_wconf 80' lang='grc' dir='ltr'>σαντί</span> <span class='ocrx_word' id='word_1_14' title='bbox 371 296 427 327; x_wconf 90' lang='grc' dir='ltr'>τε</span> <span class='ocrx_word' id='word_1_15' title='bbox 454 275 658 336; x_wconf 80' lang='grc' dir='ltr'>ἑωυτὸν,</span> <span class='ocrx_word' id='word_1_16' title='bbox 690 277 771 328; x_wconf 84' lang='grc' dir='ltr'>καὶ</span> <span class='ocrx_word' id='word_1_17' title='bbox 790 274 1096 342; x_wconf 77' lang='grc' dir='ltr'>ἀναδήσαντι</span> <span class='ocrx_word' id='word_1_18' title='bbox 1116 275 1208 342; x_wconf 87' lang='grc' dir='ltr'>τὴν</span> <span class='ocrx_word' id='word_1_19' title='bbox 1231 273 1445 344; x_wconf 80' lang='grc' dir='ltr'>πατριὴν</span> <span class='ocrx_word' id='word_1_20' title='bbox 1471 274 1524 328; x_wconf 81' lang='grc' dir='ltr'>ἐς</span> <span class='ocrx_word' id='word_1_21' title='bbox 1550 274 1776 326; x_wconf 82' lang='grc' dir='ltr'>ἑκκαιδέ-</span> 
     </span>
     <span class='ocr_line' id='line_1_5' title="bbox 198 347 1780 423; baseline -0.003 -18"><span class='ocrx_word' id='word_1_22' title='bbox 198 374 349 405; x_wconf 87' lang='grc' dir='ltr'>κατον</span> <span class='ocrx_word' id='word_1_23' title='bbox 364 351 499 412; x_wconf 84' lang='grc' dir='ltr'>θεὸν,</span> <span class='ocrx_word' id='word_1_24' title='bbox 521 353 770 420; x_wconf 80' lang='grc' dir='ltr'>ἐποίησαν</span> <span class='ocrx_word' id='word_1_25' title='bbox 788 354 838 405; x_wconf 74' lang='grc' dir='ltr'>οἱ</span> <span class='ocrx_word' id='word_1_26' title='bbox 858 353 985 423; x_wconf 78' lang='grc' dir='ltr'>ἱρέες</span> <span class='ocrx_word' id='word_1_27' title='bbox 1005 357 1098 405; x_wconf 85' lang='grc' dir='ltr'>τοῦ</span> <span class='ocrx_word' id='word_1_28' title='bbox 1119 353 1255 413; x_wconf 83' lang='grc' dir='ltr'>Διὸς,</span> <span class='ocrx_word' id='word_1_29' title='bbox 1275 347 1382 404; x_wconf 80' lang='grc' dir='ltr'>οἶόν</span> <span class='ocrx_word' id='word_1_30' title='bbox 1401 370 1451 403; x_wconf 86' lang='grc' dir='ltr'>τι</span> <span class='ocrx_word' id='word_1_31' title='bbox 1471 352 1554 404; x_wconf 85' lang='grc' dir='ltr'>καὶ</span> <span class='ocrx_word' id='word_1_32' title='bbox 1573 351 1689 418; x_wconf 79' lang='grc' dir='ltr'>ἐμοὶ</span> <span class='ocrx_word' id='word_1_33' title='bbox 1715 351 1780 402; x_wconf 80' lang='grc' dir='ltr'>οὗ</span> 
     </span>
     <span class='ocr_line' id='line_1_6' title="bbox 155 427 1782 501; baseline -0.002 -20"><span class='ocrx_word' id='word_1_34' title='bbox 155 453 180 492; x_wconf 73' lang='lat'>2</span> <span class='ocrx_word' id='word_1_35' title='bbox 198 429 630 501; x_wconf 86' lang='grc' dir='ltr'>γενεηλογήσαντι</span> <span class='ocrx_word' id='word_1_36' title='bbox 670 432 935 498; x_wconf 79' lang='grc' dir='ltr'>ἐμεωυτόν.</span> <span class='ocrx_word' id='word_1_37' title='bbox 990 431 1331 500; x_wconf 79' lang='grc' dir='ltr'>ἐσαγαγόντες</span> <span class='ocrx_word' id='word_1_38' title='bbox 1371 427 1423 482; x_wconf 80' lang='grc' dir='ltr'>ές</span> <span class='ocrx_word' id='word_1_39' title='bbox 1457 430 1518 481; x_wconf 84' lang='grc' dir='ltr'>τὸ</span> <span class='ocrx_word' id='word_1_40' title='bbox 1553 427 1782 498; x_wconf 89' lang='grc' dir='ltr'>μέγαρον</span> 
     </span>
     <span class='ocr_line' id='line_1_7' title="bbox 198 505 1782 578; baseline -0.001 -18"><span class='ocrx_word' id='word_1_41' title='bbox 198 510 324 567; x_wconf 78' lang='grc' dir='ltr'>ἔσω,</span> <span class='ocrx_word' id='word_1_42' title='bbox 344 508 427 560; x_wconf 85' lang='grc' dir='ltr'>ε’ὸν</span> <span class='ocrx_word' id='word_1_43' title='bbox 446 508 593 578; x_wconf 87' lang='grc' dir='ltr'>μέγα,</span> <span class='ocrx_word' id='word_1_44' title='bbox 617 508 913 578; x_wconf 76' lang='grc' dir='ltr'>ἐξηρίθμεον</span> <span class='ocrx_word' id='word_1_45' title='bbox 928 506 1205 562; x_wconf 78' lang='grc' dir='ltr'>δεικνύντες</span> <span class='ocrx_word' id='word_1_46' title='bbox 1224 505 1519 560; x_wconf 83' lang='grc' dir='ltr'>κολοσσοὺς</span> <span class='ocrx_word' id='word_1_47' title='bbox 1539 505 1782 572; x_wconf 79' lang='grc' dir='ltr'>ξυλίνους</span> 
     </span>
     <span class='ocr_line' id='line_1_8' title="bbox 199 581 1782 655; baseline -0.003 -18"><span class='ocrx_word' id='word_1_48' title='bbox 199 583 481 640; x_wconf 76' lang='grc' dir='ltr'>τοσούτους</span> <span class='ocrx_word' id='word_1_49' title='bbox 500 585 658 640; x_wconf 84' lang='grc' dir='ltr'>ὅσους</span> <span class='ocrx_word' id='word_1_50' title='bbox 676 606 772 655; x_wconf 90' lang='grc' dir='ltr'>περ</span> <span class='ocrx_word' id='word_1_51' title='bbox 792 581 953 638; x_wconf 81' lang='grc' dir='ltr'>εἶπον·</span> <span class='ocrx_word' id='word_1_52' title='bbox 988 584 1228 655; x_wconf 74' lang='grc' dir='ltr'>ἀρχιρεὺς</span> <span class='ocrx_word' id='word_1_53' title='bbox 1244 585 1344 655; x_wconf 81' lang='grc' dir='ltr'>γὰρ</span> <span class='ocrx_word' id='word_1_54' title='bbox 1365 583 1581 638; x_wconf 77' lang='grc' dir='ltr'>ἕκαστος</span> <span class='ocrx_word' id='word_1_55' title='bbox 1599 583 1782 635; x_wconf 79' lang='grc' dir='ltr'>αὐτόθι</span> 
     </span>
     <span class='ocr_line' id='line_1_9' title="bbox 156 660 1783 732; baseline 0.001 -18"><span class='ocrx_word' id='word_1_56' title='bbox 156 686 181 726; x_wconf 66' lang='lat' dir='ltr'>g</span> <span class='ocrx_word' id='word_1_57' title='bbox 200 660 403 715; x_wconf 80' lang='grc' dir='ltr'>ἵσταται</span> <span class='ocrx_word' id='word_1_58' title='bbox 439 663 522 716; x_wconf 79' lang='grc' dir='ltr'>ἐπὶ</span> <span class='ocrx_word' id='word_1_59' title='bbox 546 665 636 729; x_wconf 83' lang='grc' dir='ltr'>τῆς</span> <span class='ocrx_word' id='word_1_60' title='bbox 660 664 849 714; x_wconf 78' lang='grc' dir='ltr'>ἑωυτοῦ</span> <span class='ocrx_word' id='word_1_61' title='bbox 875 663 992 728; x_wconf 71' lang='grc' dir='ltr'>ζόης</span> <span class='ocrx_word' id='word_1_62' title='bbox 1017 663 1184 715; x_wconf 75' lang='grc' dir='ltr'>εἰκόνα</span> <span class='ocrx_word' id='word_1_63' title='bbox 1209 664 1416 714; x_wconf 78' lang='grc' dir='ltr'>ἑωυτοῦ.</span> <span class='ocrx_word' id='word_1_64' title='bbox 1455 661 1783 732; x_wconf 80' lang='grc' dir='ltr'>ἀριθμέοντες</span> 
     </span>
     <span class='ocr_line' id='line_1_10' title="bbox 201 738 1778 810; baseline -0.001 -18"><span class='ocrx_word' id='word_1_65' title='bbox 201 739 287 800; x_wconf 76' lang='grc' dir='ltr'>ὧν,</span> <span class='ocrx_word' id='word_1_66' title='bbox 310 741 392 792; x_wconf 83' lang='grc' dir='ltr'>καὶ</span> <span class='ocrx_word' id='word_1_67' title='bbox 418 738 693 795; x_wconf 74' lang='grc' dir='ltr'>δεικνύντες</span> <span class='ocrx_word' id='word_1_68' title='bbox 718 740 768 792; x_wconf 71' lang='grc' dir='ltr'>οἱ</span> <span class='ocrx_word' id='word_1_69' title='bbox 795 739 924 810; x_wconf 78' lang='grc' dir='ltr'>ἱρέες</span> <span class='ocrx_word' id='word_1_70' title='bbox 950 740 1080 808; x_wconf 77' lang='grc' dir='ltr'>ἐμοὶ,</span> <span class='ocrx_word' id='word_1_71' title='bbox 1109 740 1474 793; x_wconf 79' lang='grc' dir='ltr'>ἀπεδείκνυσαν</span> <span class='ocrx_word' id='word_1_72' title='bbox 1496 739 1654 792; x_wconf 81' lang='grc' dir='ltr'>παῖδα</span> <span class='ocrx_word' id='word_1_73' title='bbox 1677 760 1778 790; x_wconf 82' lang='grc' dir='ltr'>πα·-</span> 
     </span>
     <span class='ocr_line' id='line_1_11' title="bbox 202 816 1784 888; baseline 0.002 -21"><span class='ocrx_word' id='word_1_74' title='bbox 202 818 320 886; x_wconf 83' lang='grc' dir='ltr'>τρὸς</span> <span class='ocrx_word' id='word_1_75' title='bbox 348 818 544 868; x_wconf 81' lang='grc' dir='ltr'>ἑωυτῶν</span> <span class='ocrx_word' id='word_1_76' title='bbox 570 816 788 870; x_wconf 83' lang='grc' dir='ltr'>ἕκαστον</span> <span class='ocrx_word' id='word_1_77' title='bbox 812 817 976 880; x_wconf 78' lang='grc' dir='ltr'>ἐόντα,</span> <span class='ocrx_word' id='word_1_78' title='bbox 1001 817 1056 870; x_wconf 80' lang='grc' dir='ltr'>έκ</span> <span class='ocrx_word' id='word_1_79' title='bbox 1082 821 1174 870; x_wconf 85' lang='grc' dir='ltr'>τοῦ</span> <span class='ocrx_word' id='word_1_80' title='bbox 1193 817 1419 888; x_wconf 74' lang='grc' dir='ltr'>ἄγχιστα</span> <span class='ocrx_word' id='word_1_81' title='bbox 1437 817 1784 870; x_wconf 87' lang='grc' dir='ltr'>ἀποθανόντος</span> 
     </span>
     <span class='ocr_line' id='line_1_12' title="bbox 200 891 1780 961; baseline -0.002 -13"><span class='ocrx_word' id='word_1_82' title='bbox 200 896 290 961; x_wconf 82' lang='grc' dir='ltr'>τῆς</span> <span class='ocrx_word' id='word_1_83' title='bbox 309 893 497 948; x_wconf 82' lang='grc' dir='ltr'>εἰκόνος</span> <span class='ocrx_word' id='word_1_84' title='bbox 522 894 792 959; x_wconf 79' lang='grc' dir='ltr'>διεξιόντες</span> <span class='ocrx_word' id='word_1_85' title='bbox 818 891 901 949; x_wconf 70' lang='grc' dir='ltr'>διδ</span> <span class='ocrx_word' id='word_1_86' title='bbox 930 898 1151 955; x_wconf 70' lang='grc' dir='ltr'>πασέων,</span> <span class='ocrx_word' id='word_1_87' title='bbox 1174 894 1268 950; x_wconf 81' lang='grc' dir='ltr'>ἕως</span> <span class='ocrx_word' id='word_1_88' title='bbox 1293 893 1354 946; x_wconf 77' lang='grc' dir='ltr'>οὗ</span> <span class='ocrx_word' id='word_1_89' title='bbox 1379 895 1628 960; x_wconf 78' lang='grc' dir='ltr'>ἀπέδεξαν</span> <span class='ocrx_word' id='word_1_90' title='bbox 1647 895 1780 946; x_wconf 81' lang='grc' dir='ltr'>ἁπά-</span> 
     </span>
     <span class='ocr_line' id='line_1_13' title="bbox 160 970 1779 1045; baseline -0.001 -21"><span class='ocrx_word' id='word_1_91' title='bbox 160 992 186 1031; x_wconf 71' lang='lat'>4</span> <span class='ocrx_word' id='word_1_92' title='bbox 204 993 301 1024; x_wconf 87' lang='grc' dir='ltr'>σας</span> <span class='ocrx_word' id='word_1_93' title='bbox 317 971 487 1026; x_wconf 75' lang='grc' dir='ltr'>αὐτάς.</span> <span class='ocrx_word' id='word_1_94' title='bbox 529 970 777 1045; x_wconf 77' lang='grc' dir='ltr'>Ἑκαταίῳ</span> <span class='ocrx_word' id='word_1_95' title='bbox 804 974 859 1026; x_wconf 80' lang='grc' dir='ltr'>δὲ</span> <span class='ocrx_word' id='word_1_96' title='bbox 882 971 1314 1044; x_wconf 86' lang='grc' dir='ltr'>γενεηλογήσαντι</span> <span class='ocrx_word' id='word_1_97' title='bbox 1333 973 1536 1032; x_wconf 78' lang='grc' dir='ltr'>ἑωυτὸν,</span> <span class='ocrx_word' id='word_1_98' title='bbox 1557 971 1639 1024; x_wconf 76' lang='grc' dir='ltr'>καὶ</span> <span class='ocrx_word' id='word_1_99' title='bbox 1658 971 1779 1023; x_wconf 87' lang='grc' dir='ltr'>ἀνα-</span> 
     </span>
     <span class='ocr_line' id='line_1_14' title="bbox 203 1046 1782 1121; baseline 0 -19"><span class='ocrx_word' id='word_1_100' title='bbox 203 1046 415 1116; x_wconf 78' lang='grc' dir='ltr'>δήσαντι</span> <span class='ocrx_word' id='word_1_101' title='bbox 452 1049 503 1104; x_wconf 82' lang='grc' dir='ltr'>ές</span> <span class='ocrx_word' id='word_1_102' title='bbox 534 1050 881 1104; x_wconf 76' lang='grc' dir='ltr'>ἑκκαιδέκατον</span> <span class='ocrx_word' id='word_1_103' title='bbox 906 1051 1040 1111; x_wconf 86' lang='grc' dir='ltr'>θεὸν,</span> <span class='ocrx_word' id='word_1_104' title='bbox 1069 1051 1564 1121; x_wconf 74' lang='grc' dir='ltr'>ἀντεγενεηλόγησαν</span> <span class='ocrx_word' id='word_1_105' title='bbox 1598 1049 1683 1102; x_wconf 80' lang='grc' dir='ltr'>έπὶ</span> <span class='ocrx_word' id='word_1_106' title='bbox 1717 1051 1782 1116; x_wconf 82' lang='grc' dir='ltr'>τῇ</span> 
     </span>
     <span class='ocr_line' id='line_1_15' title="bbox 204 1124 1782 1199; baseline -0.001 -20"><span class='ocrx_word' id='word_1_107' title='bbox 204 1124 493 1196; x_wconf 79' lang='grc' dir='ltr'>ἀριθμήσει,</span> <span class='ocrx_word' id='word_1_108' title='bbox 522 1127 583 1179; x_wconf 80' lang='grc' dir='ltr'>οὗ</span> <span class='ocrx_word' id='word_1_109' title='bbox 618 1129 875 1196; x_wconf 86' lang='grc' dir='ltr'>δεκόμενοι</span> <span class='ocrx_word' id='word_1_110' title='bbox 908 1125 1027 1199; x_wconf 85' lang='grc' dir='ltr'>παρ’</span> <span class='ocrx_word' id='word_1_111' title='bbox 1053 1127 1208 1180; x_wconf 82' lang='grc' dir='ltr'>αύτοΰ</span> <span class='ocrx_word' id='word_1_112' title='bbox 1243 1128 1344 1181; x_wconf 83' lang='grc' dir='ltr'>ἀπὸ</span> <span class='ocrx_word' id='word_1_113' title='bbox 1379 1126 1499 1179; x_wconf 81' lang='grc' dir='ltr'>θεοῦ</span> <span class='ocrx_word' id='word_1_114' title='bbox 1538 1124 1782 1196; x_wconf 85' lang='grc' dir='ltr'>γενέσθαι</span> 
     </span>
     <span class='ocr_line' id='line_1_16' title="bbox 163 1203 1784 1276; baseline -0.001 -20"><span class='ocrx_word' id='word_1_115' title='bbox 163 1225 188 1264; x_wconf 76' lang='lat'>5</span> <span class='ocrx_word' id='word_1_116' title='bbox 208 1203 486 1274; x_wconf 74' lang='grc' dir='ltr'>ἄνθρωπον.</span> <span class='ocrx_word' id='word_1_117' title='bbox 530 1204 1026 1276; x_wconf 84' lang='grc' dir='ltr'>ἀντεγενεηλόγησαν</span> <span class='ocrx_word' id='word_1_118' title='bbox 1060 1206 1116 1258; x_wconf 75' lang='grc' dir='ltr'>δὲ</span> <span class='ocrx_word' id='word_1_119' title='bbox 1157 1205 1273 1266; x_wconf 72' lang='grc' dir='ltr'>ὧδε,</span> <span class='ocrx_word' id='word_1_120' title='bbox 1311 1205 1528 1273; x_wconf 84' lang='grc' dir='ltr'>φάμενοι</span> <span class='ocrx_word' id='word_1_121' title='bbox 1565 1204 1784 1256; x_wconf 79' lang='grc' dir='ltr'>ἕκαστον</span> 
     </span>
     <span class='ocr_line' id='line_1_17' title="bbox 209 1279 1782 1353; baseline -0.001 -18"><span class='ocrx_word' id='word_1_122' title='bbox 209 1287 309 1336; x_wconf 80' lang='grc' dir='ltr'>τῶν</span> <span class='ocrx_word' id='word_1_123' title='bbox 347 1284 622 1336; x_wconf 82' lang='grc' dir='ltr'>κολοσσῶν</span> <span class='ocrx_word' id='word_1_124' title='bbox 662 1283 895 1353; x_wconf 82' lang='grc' dir='ltr'>Πίρωμιν</span> <span class='ocrx_word' id='word_1_125' title='bbox 934 1285 989 1336; x_wconf 79' lang='grc' dir='ltr'>ἐκ</span> <span class='ocrx_word' id='word_1_126' title='bbox 1027 1285 1287 1353; x_wconf 83' lang='grc' dir='ltr'>Πιρῶμιος</span> <span class='ocrx_word' id='word_1_127' title='bbox 1325 1282 1604 1353; x_wconf 78' lang='grc' dir='ltr'>γεγονέναι·</span> <span class='ocrx_word' id='word_1_128' title='bbox 1660 1281 1712 1336; x_wconf 85' lang='grc' dir='ltr'>ἐς</span> <span class='ocrx_word' id='word_1_129' title='bbox 1749 1279 1782 1333; x_wconf 77' lang='grc' dir='ltr'><strong>ὃ</strong></span> 
     </span>
     <span class='ocr_line' id='line_1_18' title="bbox 207 1359 1784 1431; baseline -0.001 -18"><span class='ocrx_word' id='word_1_130' title='bbox 207 1360 327 1415; x_wconf 85' lang='grc' dir='ltr'>τοὺς</span> <span class='ocrx_word' id='word_1_131' title='bbox 366 1360 515 1414; x_wconf 83' lang='grc' dir='ltr'>πέντε</span> <span class='ocrx_word' id='word_1_132' title='bbox 551 1361 631 1414; x_wconf 77' lang='grc' dir='ltr'>καὶ</span> <span class='ocrx_word' id='word_1_133' title='bbox 657 1362 1036 1431; x_wconf 78' lang='grc' dir='ltr'>τεσσεράκοντα</span> <span class='ocrx_word' id='word_1_134' title='bbox 1061 1362 1142 1413; x_wconf 81' lang='grc' dir='ltr'>καὶ</span> <span class='ocrx_word' id='word_1_135' title='bbox 1176 1360 1499 1431; x_wconf 82' lang='grc' dir='ltr'>τριηκοσίους</span> <span class='ocrx_word' id='word_1_136' title='bbox 1533 1359 1784 1424; x_wconf 77' lang='grc' dir='ltr'>ἀπέδεξαν</span> 
     </span>
     <span class='ocr_line' id='line_1_19' title="bbox 211 1437 1785 1511; baseline 0.001 -21"><span class='ocrx_word' id='word_1_137' title='bbox 211 1439 506 1493; x_wconf 75' lang='grc' dir='ltr'>κολοσσοὺς</span> <span class='ocrx_word' id='word_1_138' title='bbox 530 1439 761 1508; x_wconf 84' lang='grc' dir='ltr'>Πίρωμιν</span> <span class='ocrx_word' id='word_1_139' title='bbox 786 1440 841 1492; x_wconf 80' lang='grc' dir='ltr'>ἐκ</span> <span class='ocrx_word' id='word_1_140' title='bbox 867 1440 1125 1511; x_wconf 81' lang='grc' dir='ltr'>Πιρῶμιος</span> <span class='ocrx_word' id='word_1_141' title='bbox 1157 1441 1443 1508; x_wconf 88' lang='grc' dir='ltr'>γενόμενον,</span> <span class='ocrx_word' id='word_1_142' title='bbox 1473 1438 1556 1489; x_wconf 82' lang='grc' dir='ltr'>καὶ</span> <span class='ocrx_word' id='word_1_143' title='bbox 1588 1439 1706 1489; x_wconf 77' lang='grc' dir='ltr'>οὔτε</span> <span class='ocrx_word' id='word_1_144' title='bbox 1731 1437 1785 1491; x_wconf 83' lang='grc' dir='ltr'>ές</span> 
     </span>
     <span class='ocr_line' id='line_1_20' title="bbox 210 1514 1785 1586; baseline -0.001 -18"><span class='ocrx_word' id='word_1_145' title='bbox 210 1515 344 1576; x_wconf 84' lang='grc' dir='ltr'>θεὸν,</span> <span class='ocrx_word' id='word_1_146' title='bbox 374 1519 491 1568; x_wconf 83' lang='grc' dir='ltr'>οὔτε</span> <span class='ocrx_word' id='word_1_147' title='bbox 526 1516 578 1570; x_wconf 85' lang='grc' dir='ltr'>ἐς</span> <span class='ocrx_word' id='word_1_148' title='bbox 612 1516 751 1586; x_wconf 81' lang='grc' dir='ltr'>ἥρωα</span> <span class='ocrx_word' id='word_1_149' title='bbox 788 1516 1039 1583; x_wconf 84' lang='grc' dir='ltr'>ἀνέδησαν</span> <span class='ocrx_word' id='word_1_150' title='bbox 1064 1514 1264 1570; x_wconf 79' lang='grc' dir='ltr'>αὐτούς.</span> <span class='ocrx_word' id='word_1_151' title='bbox 1309 1516 1537 1586; x_wconf 82' lang='grc' dir='ltr'>Πίρωμις</span> <span class='ocrx_word' id='word_1_152' title='bbox 1577 1515 1636 1566; x_wconf 86' lang='grc' dir='ltr'>δέ</span> <span class='ocrx_word' id='word_1_153' title='bbox 1670 1515 1785 1566; x_wconf 78' lang='grc' dir='ltr'>ἐστι</span> 
     </span>
     <span class='ocr_line' id='line_1_21' title="bbox 80 1590 1784 1664; baseline -0.004 -14"><span class='ocrx_word' id='word_1_154' title='bbox 80 1595 194 1650; x_wconf 85' lang='lat'>144</span> <span class='ocrx_word' id='word_1_155' title='bbox 212 1592 316 1645; x_wconf 84' lang='grc' dir='ltr'>κατ’</span> <span class='ocrx_word' id='word_1_156' title='bbox 344 1593 573 1646; x_wconf 65' lang='grc' dir='ltr'>Ἐλλάδα</span> <span class='ocrx_word' id='word_1_157' title='bbox 606 1597 861 1664; x_wconf 85' lang='grc' dir='ltr'>γλῶσσαν</span> <span class='ocrx_word' id='word_1_158' title='bbox 886 1596 1043 1649; x_wconf 80' lang='grc' dir='ltr'>καλὸς</span> <span class='ocrx_word' id='word_1_159' title='bbox 1076 1593 1315 1664; x_wconf 86' lang='grc' dir='ltr'>κάγαθός.</span> <span class='ocrx_word' id='word_1_160' title='bbox 1521 1590 1668 1658; x_wconf 72' lang='grc' dir='ltr'>Ἠδη</span> <span class='ocrx_word' id='word_1_161' title='bbox 1697 1592 1784 1653; x_wconf 75' lang='grc' dir='ltr'>ὧν,</span> 
     </span>
     <span class='ocr_line' id='line_1_22' title="bbox 211 1669 1789 1739; baseline 0 -15"><span class='ocrx_word' id='word_1_162' title='bbox 211 1676 312 1724; x_wconf 83' lang='grc' dir='ltr'>τῶν</span> <span class='ocrx_word' id='word_1_163' title='bbox 356 1672 409 1723; x_wconf 79' lang='grc' dir='ltr'>αἶ</span> <span class='ocrx_word' id='word_1_164' title='bbox 460 1671 644 1726; x_wconf 73' lang='grc' dir='ltr'>εἰκόνες</span> <span class='ocrx_word' id='word_1_165' title='bbox 695 1669 844 1738; x_wconf 79' lang='grc' dir='ltr'>ἦσαν,</span> <span class='ocrx_word' id='word_1_166' title='bbox 893 1669 1154 1727; x_wconf 74' lang='grc' dir='ltr'>τοιούτους</span> <span class='ocrx_word' id='word_1_167' title='bbox 1205 1671 1572 1724; x_wconf 84' lang='grc' dir='ltr'>ἀπεδείκνυσάν</span> <span class='ocrx_word' id='word_1_168' title='bbox 1615 1673 1789 1739; x_wconf 87' lang='grc' dir='ltr'>σφεας</span> 
     </span>
     <span class='ocr_line' id='line_1_23' title="bbox 168 1748 1788 1819; baseline -0.001 -17"><span class='ocrx_word' id='word_1_169' title='bbox 168 1765 194 1806; x_wconf 74' lang='lat'>2</span> <span class='ocrx_word' id='word_1_170' title='bbox 211 1749 401 1803; x_wconf 82' lang='grc' dir='ltr'>πάντας</span> <span class='ocrx_word' id='word_1_171' title='bbox 441 1749 633 1809; x_wconf 80' lang='grc' dir='ltr'>ἐόντας,</span> <span class='ocrx_word' id='word_1_172' title='bbox 662 1748 791 1803; x_wconf 82' lang='grc' dir='ltr'>θεῶν</span> <span class='ocrx_word' id='word_1_173' title='bbox 816 1749 871 1802; x_wconf 80' lang='grc' dir='ltr'>δὲ</span> <span class='ocrx_word' id='word_1_174' title='bbox 906 1751 1109 1802; x_wconf 83' lang='grc' dir='ltr'>πολλὸν</span> <span class='ocrx_word' id='word_1_175' title='bbox 1141 1749 1583 1819; x_wconf 85' lang='grc' dir='ltr'>ἀπαλλαγμένους.</span> <span class='ocrx_word' id='word_1_176' title='bbox 1633 1750 1696 1800; x_wconf 81' lang='grc' dir='ltr'>τὸ</span> <span class='ocrx_word' id='word_1_177' title='bbox 1731 1748 1788 1800; x_wconf 66' lang='grc' dir='ltr'>δι’</span> 
     </span>
     <span class='ocr_line' id='line_1_24' title="bbox 210 1821 1784 1898; baseline -0.001 -20"><span class='ocrx_word' id='word_1_178' title='bbox 210 1825 461 1894; x_wconf 86' lang='grc' dir='ltr'>πρότερον</span> <span class='ocrx_word' id='word_1_179' title='bbox 501 1831 602 1880; x_wconf 80' lang='grc' dir='ltr'>τῶν</span> <span class='ocrx_word' id='word_1_180' title='bbox 634 1827 830 1898; x_wconf 82' lang='grc' dir='ltr'>ἀνδρῶν</span> <span class='ocrx_word' id='word_1_181' title='bbox 866 1825 1060 1880; x_wconf 84' lang='grc' dir='ltr'>τούτων</span> <span class='ocrx_word' id='word_1_182' title='bbox 1099 1826 1246 1880; x_wconf 84' lang='grc' dir='ltr'>θεοὺς</span> <span class='ocrx_word' id='word_1_183' title='bbox 1280 1821 1404 1878; x_wconf 85' lang='grc' dir='ltr'>εἶναι</span> <span class='ocrx_word' id='word_1_184' title='bbox 1442 1825 1562 1879; x_wconf 76' lang='grc' dir='ltr'>τοὺς</span> <span class='ocrx_word' id='word_1_185' title='bbox 1605 1825 1660 1878; x_wconf 82' lang='grc' dir='ltr'>ἐν</span> <span class='ocrx_word' id='word_1_186' title='bbox 1694 1825 1784 1876; x_wconf 80' lang='grc' dir='ltr'>Αἷ-</span> 
     </span>
     <span class='ocr_line' id='line_1_25' title="bbox 210 1899 1789 1974; baseline 0.001 -20"><span class='ocrx_word' id='word_1_187' title='bbox 210 1899 387 1973; x_wconf 74' lang='grc' dir='ltr'>γύπτφ</span> <span class='ocrx_word' id='word_1_188' title='bbox 430 1902 697 1972; x_wconf 75' lang='grc' dir='ltr'>ἄρχοντας,</span> <span class='ocrx_word' id='word_1_189' title='bbox 727 1904 979 1958; x_wconf 80' lang='grc' dir='ltr'>οἷκέοντας</span> <span class='ocrx_word' id='word_1_190' title='bbox 1015 1904 1117 1972; x_wconf 79' lang='grc' dir='ltr'>ἅμα</span> <span class='ocrx_word' id='word_1_191' title='bbox 1151 1906 1292 1956; x_wconf 82' lang='grc' dir='ltr'>τοῖσι</span> <span class='ocrx_word' id='word_1_192' title='bbox 1327 1903 1662 1974; x_wconf 81' lang='grc' dir='ltr'>ἀνθρώποισι·</span> <span class='ocrx_word' id='word_1_193' title='bbox 1707 1903 1789 1955; x_wconf 78' lang='grc' dir='ltr'>καὶ</span> 
     </span>
     <span class='ocr_line' id='line_1_26' title="bbox 173 1976 1790 2052; baseline 0.001 -20"><span class='ocrx_word' id='word_1_194' title='bbox 173 1999 198 2039; x_wconf 69' lang='grc' dir='ltr'><strong>ο</strong></span> <span class='ocrx_word' id='word_1_195' title='bbox 214 1976 405 2032; x_wconf 82' lang='grc' dir='ltr'>τούτων</span> <span class='ocrx_word' id='word_1_196' title='bbox 428 1979 527 2034; x_wconf 75' lang='grc' dir='ltr'>αἰεὶ</span> <span class='ocrx_word' id='word_1_197' title='bbox 569 1980 655 2034; x_wconf 82' lang='grc' dir='ltr'>ἕνα</span> <span class='ocrx_word' id='word_1_198' title='bbox 689 1984 777 2036; x_wconf 87' lang='grc' dir='ltr'>τὸν</span> <span class='ocrx_word' id='word_1_199' title='bbox 812 1983 1084 2052; x_wconf 87' lang='grc' dir='ltr'>κρατέοντα</span> <span class='ocrx_word' id='word_1_200' title='bbox 1111 1977 1252 2034; x_wconf 81' lang='grc' dir='ltr'>εἶναι·</span> <span class='ocrx_word' id='word_1_201' title='bbox 1303 1978 1526 2034; x_wconf 78' lang='grc' dir='ltr'>ὕστατον</span> <span class='ocrx_word' id='word_1_202' title='bbox 1551 1981 1610 2032; x_wconf 78' lang='grc' dir='ltr'>δὲ</span> <span class='ocrx_word' id='word_1_203' title='bbox 1635 1979 1790 2046; x_wconf 80' lang='grc' dir='ltr'>αὗτῆς</span> 
     </span>
     <span class='ocr_line' id='line_1_27' title="bbox 211 2054 1788 2129; baseline 0 -20"><span class='ocrx_word' id='word_1_204' title='bbox 211 2059 528 2121; x_wconf 83' lang='grc' dir='ltr'>βασιλεῦσαι</span> <span class='ocrx_word' id='word_1_205' title='bbox 556 2054 718 2129; x_wconf 84' lang='grc' dir='ltr'>Ὠρον</span> <span class='ocrx_word' id='word_1_206' title='bbox 756 2061 845 2113; x_wconf 82' lang='grc' dir='ltr'>τὸν</span> <span class='ocrx_word' id='word_1_207' title='bbox 876 2059 1108 2128; x_wconf 83' lang='grc' dir='ltr'>Ὀσίριος</span> <span class='ocrx_word' id='word_1_208' title='bbox 1145 2059 1322 2118; x_wconf 84' lang='grc' dir='ltr'>παῖδα,</span> <span class='ocrx_word' id='word_1_209' title='bbox 1359 2060 1450 2111; x_wconf 85' lang='grc' dir='ltr'>τὸν</span> <span class='ocrx_word' id='word_1_210' title='bbox 1482 2056 1788 2110; x_wconf 81' lang='grc' dir='ltr'>Ἀπόλλωνα</span> 
     </span>
     <span class='ocr_line' id='line_1_28' title="bbox 204 2133 1786 2204; baseline 0.001 -18"><span class='ocrx_word' id='word_1_211' title='bbox 204 2133 457 2201; x_wconf 85' lang='grc' dir='ltr'>Ἕλληνες</span> <span class='ocrx_word' id='word_1_212' title='bbox 498 2136 822 2204; x_wconf 72' lang='grc' dir='ltr'>ὀνομάζουσι·</span> <span class='ocrx_word' id='word_1_213' title='bbox 872 2141 1072 2204; x_wconf 83' lang='grc' dir='ltr'>τοῦτον,</span> <span class='ocrx_word' id='word_1_214' title='bbox 1111 2134 1502 2190; x_wconf 77' lang='grc' dir='ltr'>καταπαύσαντα</span> <span class='ocrx_word' id='word_1_215' title='bbox 1545 2137 1786 2204; x_wconf 83' lang='grc' dir='ltr'>Τυφῶνα,</span> 
     </span>
     <span class='ocr_line' id='line_1_29' title="bbox 210 2211 1786 2284; baseline 0.003 -22"><span class='ocrx_word' id='word_1_216' title='bbox 210 2213 530 2273; x_wconf 86' lang='grc' dir='ltr'>βασιλεῦσαι</span> <span class='ocrx_word' id='word_1_217' title='bbox 572 2211 796 2267; x_wconf 82' lang='grc' dir='ltr'>ὕστατον</span> <span class='ocrx_word' id='word_1_218' title='bbox 820 2212 1102 2284; x_wconf 73' lang='grc' dir='ltr'>Αἰγύπτου.</span> <span class='ocrx_word' id='word_1_219' title='bbox 1171 2211 1385 2284; x_wconf 78' lang='grc' dir='ltr'>’Ὄσιρις</span> <span class='ocrx_word' id='word_1_220' title='bbox 1427 2214 1484 2266; x_wconf 87' lang='grc' dir='ltr'>δέ</span> <span class='ocrx_word' id='word_1_221' title='bbox 1517 2212 1634 2265; x_wconf 87' lang='grc' dir='ltr'>ε’στι</span> <span class='ocrx_word' id='word_1_222' title='bbox 1668 2216 1786 2266; x_wconf 87' lang='grc' dir='ltr'>Διό-</span> 
     </span>
     <span class='ocr_line' id='line_1_30' title="bbox 214 2289 1072 2361; baseline 0.011 -25"><span class='ocrx_word' id='word_1_223' title='bbox 214 2306 370 2341; x_wconf 89' lang='grc' dir='ltr'>νυσος</span> <span class='ocrx_word' id='word_1_224' title='bbox 394 2290 521 2340; x_wconf 82' lang='grc' dir='ltr'>κατὰ</span> <span class='ocrx_word' id='word_1_225' title='bbox 545 2289 774 2343; x_wconf 65' lang='grc' dir='ltr'>Ἐλλάδα</span> <span class='ocrx_word' id='word_1_226' title='bbox 798 2294 1072 2361; x_wconf 83' lang='grc' dir='ltr'>γλῶσσαν.</span> 
     </span>
     <span class='ocr_line' id='line_1_31' title="bbox 88 2356 1779 2436; baseline 0.011 -31"><span class='ocrx_word' id='word_1_227' title='bbox 88 2356 197 2406; x_wconf 87' lang='grc'>145</span> <span class='ocrx_word' id='word_1_228' title='bbox 291 2356 383 2411; x_wconf 84' lang='grc' dir='ltr'>Ἐν</span> <span class='ocrx_word' id='word_1_229' title='bbox 425 2359 651 2430; x_wconf 79' lang='grc' dir='ltr'>Ἕλλησι</span> <span class='ocrx_word' id='word_1_230' title='bbox 695 2364 789 2430; x_wconf 88' lang='grc' dir='ltr'>μέν</span> <span class='ocrx_word' id='word_1_231' title='bbox 814 2387 903 2418; x_wconf 89' lang='grc' dir='ltr'>νυν</span> <span class='ocrx_word' id='word_1_232' title='bbox 948 2368 1186 2420; x_wconf 80' lang='grc' dir='ltr'>νεώτατοι</span> <span class='ocrx_word' id='word_1_233' title='bbox 1231 2372 1334 2421; x_wconf 81' lang='grc' dir='ltr'>τῶν</span> <span class='ocrx_word' id='word_1_234' title='bbox 1378 2366 1507 2420; x_wconf 77' lang='grc' dir='ltr'>θεῶν</span> <span class='ocrx_word' id='word_1_235' title='bbox 1550 2369 1779 2436; x_wconf 73' lang='grc' dir='ltr'>νομίζον-</span> 
     </span>
     <span class='ocr_line' id='line_1_32' title="bbox 213 2431 1776 2517; baseline 0.013 -36"><span class='ocrx_word' id='word_1_236' title='bbox 213 2449 297 2479; x_wconf 81' lang='grc' dir='ltr'>ται</span> <span class='ocrx_word' id='word_1_237' title='bbox 332 2431 455 2487; x_wconf 81' lang='grc' dir='ltr'>εἶναι</span> <span class='ocrx_word' id='word_1_238' title='bbox 489 2437 749 2506; x_wconf 87' lang='grc' dir='ltr'>Ηρακλῆς</span> <span class='ocrx_word' id='word_1_239' title='bbox 782 2463 839 2494; x_wconf 90' lang='grc' dir='ltr'>τε</span> <span class='ocrx_word' id='word_1_240' title='bbox 873 2444 955 2496; x_wconf 82' lang='grc' dir='ltr'>καὶ</span> <span class='ocrx_word' id='word_1_241' title='bbox 981 2447 1234 2500; x_wconf 88' lang='grc' dir='ltr'>Διόνυσος</span> <span class='ocrx_word' id='word_1_242' title='bbox 1259 2446 1342 2498; x_wconf 74' lang='grc' dir='ltr'>καὶ</span> <span class='ocrx_word' id='word_1_243' title='bbox 1368 2446 1497 2499; x_wconf 82' lang='grc' dir='ltr'>Πάν·</span> <span class='ocrx_word' id='word_1_244' title='bbox 1539 2446 1660 2517; x_wconf 77' lang='grc' dir='ltr'>παρ’</span> <span class='ocrx_word' id='word_1_245' title='bbox 1689 2448 1776 2501; x_wconf 74' lang='grc' dir='ltr'>Αἷ-</span> 
     </span>
     <span class='ocr_line' id='line_1_33' title="bbox 214 2507 1778 2589; baseline 0.008 -20"><span class='ocrx_word' id='word_1_246' title='bbox 214 2507 475 2569; x_wconf 62' lang='grc' dir='ltr'>Ὺυπτῖθισι</span> <span class='ocrx_word' id='word_1_247' title='bbox 512 2515 567 2564; x_wconf 86' lang='grc' dir='ltr'>δε</span> <span class='ocrx_word' id='word_1_248' title='bbox 603 2517 717 2569; x_wconf 82' lang='grc' dir='ltr'>Πὰν</span> <span class='ocrx_word' id='word_1_249' title='bbox 748 2519 843 2586; x_wconf 80' lang='grc' dir='ltr'>μὲν</span> <span class='ocrx_word' id='word_1_250' title='bbox 876 2519 1229 2589; x_wconf 87' lang='grc' dir='ltr'>ἀρχαιότατος,</span> <span class='ocrx_word' id='word_1_251' title='bbox 1259 2525 1343 2578; x_wconf 82' lang='grc' dir='ltr'>καὶ</span> <span class='ocrx_word' id='word_1_252' title='bbox 1376 2529 1478 2581; x_wconf 79' lang='grc' dir='ltr'>τῶν</span> <span class='ocrx_word' id='word_1_253' title='bbox 1513 2524 1644 2579; x_wconf 66' lang='lat' dir='ltr'>dxv-«b</span> <span class='ocrx_word' id='word_1_254' title='bbox 1677 2530 1778 2582; x_wconf 77' lang='grc' dir='ltr'>τῶν</span> 
     </span>
    </p>
   </div>
   <div class='ocr_carea' id='block_1_3' title="bbox 1952 2003 1968 2416">
    <p class='ocr_par' dir='ltr' id='par_1_3' title="bbox 1952 2003 1968 2416">
     <span class='ocr_line' id='line_1_34' title="bbox 1952 2003 1968 2416; textangle 90"><span class='ocrx_word' id='word_1_255' title='bbox 1952 2137 1966 2416; x_wconf 33' lang='grc' dir='ltr'>ᾼᾼ-ῌ.-.ο</span> <span class='ocrx_word' id='word_1_256' title='bbox 1959 2003 1968 2111; x_wconf 58' lang='lat'>⁴¹——</span> 
     </span>
    </p>
   </div>
  </div>
 </body>
</html>
