1975 2892
547 107 1029 153 eAAEIA.-111.
1058 116 1232 168 31-35.
1565 101 1681 155 239

83 166 148 205 01
183 167 245 207 σε.
267 166 404 207 4—34.
425 168 484 216 a]

85 223 344 287 σώματος
384 221 572 271 νοῦσον
609 222 839 289 μεγάλην
877 223 1167 284 νοσέοντος,
1205 224 1332 291 μηδὲ
1367 226 1459 282 τὰς
1493 227 1685 298 φρένας

81 296 360 369 ὑγιαίνειν.
542 297 673 350 Τάδε
699 296 744 350 δ’
774 298 826 353 ές
850 297 969 353 τοὺς
996 298 1189 355 ἅλλους
1214 302 1423 371 Πέρσας
1450 305 1679 375 ἐξεμάνη.
1700 316 1779 371 34

81 378 308 446 λέγεται
332 374 434 446 γὰρ
461 372 618 428 εἰπεῖν
644 375 798 429 αὐτὸν
823 378 953 446 πρὸς
979 378 1319 446 Πρηξάσπεα,
1347 386 1437 435 τὸν
1456 384 1602 452 ε’τίμα
1629 407 1685 439 τε

80 456 348 523 μάλιστα,
379 454 461 507 καί
485 454 536 505 οἱ
561 453 653 508 τὰς
678 453 924 524 ἀγγελίας
951 455 1139 524 ε’φόρεε
1165 456 1331 519 οὗτος,
1360 459 1545 514 τούτου
1570 484 1627 515 τε
1653 466 1681 517 ὁ

79 535 216 587 παῖς
261 531 494 601 οἰνοχόος
537 528 599 597 ἦν
643 532 715 604 τῷ
761 530 1037 599 Καμβύσῃ,
1081 534 1197 603 τιμὴ
1240 536 1295 588 δὲ
1336 538 1418 590 καὶ
1456 535 1581 607 αὕτη
1622 541 1683 593 οὗ

86 606 309 679 σμικρή·
353 609 511 664 εἰπεῖν
537 609 593 662 δὲ
619 608 824 679 λέγεται
851 612 993 664 τάδε·
1039 614 1075 637 “
1093 612 1427 683 Πρήξασπες,
1456 620 1595 670 κοῖόν
1618 619 1684 686 μέ
1695 613 1721 677 '2

83 710 212 742 τινα
256 688 522 756 νομίζουσι
564 686 766 756 Πέρσαι
813 684 939 742 εἶναι
977 689 1172 761 ἄνδρας
1217 692 1358 748 τίνας
1395 715 1454 747 τε
1490 696 1684 767 λόγους

83 767 214 837 περὶ
241 766 357 834 ἐμέο
377 769 633 820 ποιεῦνται
652 784 666 826 ;
682 762 716 785 ’'
758 768 858 820 Τὸν
883 768 939 821 δὲ
967 768 1143 823 εἰπεῖν·
1191 766 1317 823 “Ὠ
1344 772 1590 835 δέσποτα,
1619 776 1721 831 ‘rein

85 845 188 913 μὲν
223 844 364 897 ἄλλα
396 846 560 898 πάντα
593 845 832 913 μεγάλως
867 846 1109 901 ἐπαινέω·
1153 851 1215 915 τῇ
1252 849 1308 902 δὲ
1348 852 1579 919 φιλοινίῃ
1618 852 1683 906 σέ

88 924 236 993 φασι
260 925 490 977 πλεόνως
515 920 925 992 προσκέεσθαι.”
994 928 1094 979 Τὸν
1118 927 1211 994 μὲν
1237 927 1299 994 δὴ
1326 929 1499 1000 λέγειν
1523 934 1719 984 ταῦτα4

85 1002 215 1071 περὶ
250 999 514 1072 Περσέων.
556 1002 648 1054 τὸν
681 1001 756 1062 δὲ,
796 1001 1107 1070 θυμωθέντα,
1145 1006 1316 1058 τοιάδε
1352 1006 1677 1075 ἀμείβεσθαι·

91 1084 135 1106 “
159 1082 270 1132 Νῦν
303 1078 403 1151 ἄρα
435 1078 503 1148 μέ
535 1081 674 1149 φασι
712 1080 916 1150 Πέρσαι
950 1079 1071 1154 οἴνῳ
1110 1082 1480 1153 προσκείμενον
1514 1107 1677 1156 παρα·-

89 1156 349 1228 φρονέειν,
390 1158 473 1210 καὶ
511 1158 604 1211 οὐκ
646 1152 771 1211 εἶναι
818 1156 1069 1228 νοήμονα;
1113 1160 1219 1215 οὐδ’
1262 1161 1362 1231 ἄρα
1408 1164 1589 1233 σφέων
1630 1166 1681 1217 οἱ

90 1238 338 1307 πρότεροι
364 1238 517 1307 λόγοι
542 1232 677 1303 ἦσαν
703 1234 977 1303 ἀληθέες.”
1058 1242 1323 1311 Πρότερον
1345 1242 1445 1313 γὰρ
1474 1242 1533 1309 δὴ
1562 1242 1713 1312 &past

90 1314 345 1383 Περσέων
371 1316 420 1367 οἱ
448 1314 706 1385 συνέδρων
732 1314 918 1370 ἐόντων
941 1317 1026 1369 καὶ
1054 1320 1301 1389 Κροίσου,
1334 1316 1497 1389 εἴρετο
1536 1328 1677 1388 Καμ-

86 1390 282 1459 βύσης,
325 1395 462 1448 κοῖός
505 1412 584 1448 τις
629 1392 796 1447 δοκέοι
839 1393 966 1465 ἀνὴρ
1010 1391 1135 1448 εἶναι
1178 1397 1309 1466 πρὸς
1354 1398 1443 1450 τὸν
1487 1398 1681 1463 πατέρα

87 1470 306 1524 τελέσαι
347 1475 531 1541 Κῦρον·
577 1473 626 1524 οἷ
679 1471 735 1525 δὲ
775 1471 1069 1539 ἀμείβοντο,
1114 1474 1183 1528 ὥς
1220 1471 1295 1540 εἴη
1336 1473 1550 1541 ἀμείνων
1588 1479 1681 1528 τοῦ

86 1551 302 1620 πατρός·
365 1551 430 1603 τά
481 1571 537 1602 τε
587 1550 690 1620 γὰρ
743 1549 935 1603 ἐκείνου
985 1552 1151 1604 πάντα
1197 1552 1335 1619 ἔχειν
1379 1551 1549 1615 αὐτὸν,
1599 1554 1679 1607 καὶ

86 1627 480 1698 προσεκτῆσθαι
504 1625 764 1698 Αἴγυπτόν
789 1648 846 1680 τε
871 1628 954 1681 καὶ
978 1628 1071 1695 τὴν
1102 1628 1394 1683 θάλασσαν.
1478 1630 1717 1701 Πέρσαισ

86 1706 186 1774 μὲν
225 1705 286 1773 δὴ
327 1709 484 1759 ταῦτα
523 1707 730 1776 ἔλεγον·
775 1708 1001 1774 Κροῖσος
1040 1706 1097 1760 δὲ
1135 1708 1337 1777 παρεών
1376 1728 1433 1759 τε
1466 1710 1549 1761 καὶ
1588 1710 1679 1762 οὐκ

89 1784 434 1853 ἀρεσκόμενος
469 1786 532 1852 τῇ
567 1784 750 1853 κρίσει,
783 1779 893 1837 εἶπε
931 1786 1063 1855 πρὸς
1096 1786 1187 1840 τὸν
1220 1783 1505 1853 Καμβύσεα
1536 1788 1676 1840 τάδε·

93 1864 132 1889 “
151 1861 300 1929 Ἐμοὶ
317 1862 410 1931 μέν
436 1884 543 1928 νυν,
566 1860 606 1915 ὦ
625 1865 720 1915 παῖ
745 1859 934 1933 Κύρου,
955 1863 1018 1915 οὐ
1046 1864 1235 1920 δοκέεις
1260 1867 1435 1931 ὁμοῖος
1454 1860 1580 1919 εἶναι
1606 1870 1677 1939 τῷ
1693 1880 1719 1924 ’1

87 1940 290 2010 πατέρι·
336 1941 397 1993 οὗ
420 1942 522 2011 γάρ
549 1960 620 1992 κω
647 1940 730 1993 τοί
755 1939 869 1992 ε’στι
895 1942 1005 1995 υίὸς
1031 1937 1140 1995 οἶόν
1166 1964 1231 1995 σε
1262 1942 1449 1999 ἐκεῖνος
1474 1945 1677 1998 κατελί-

87 2015 280 2073 πετο.”
318 2018 456 2086 ἥσθη
481 2039 540 2071 τε
558 2021 716 2071 ταῦτα
742 2016 968 2073 ἀκούσας
987 2023 1017 2071 ὁ
1046 2017 1348 2087 Καμβύσης,
1371 2022 1453 2075 καὶ
1480 2022 1677 2077 έπαίνεε
1694 2032 1719 2073 8

87 2096 185 2163 τὴν
211 2097 442 2166 Κροίσου
469 2095 658 2167 κρίσιν.
868 2094 1073 2150 Τούτων
1099 2098 1161 2164 δὴ
1190 2096 1259 2151 ὦν
1285 2099 1675 2167 ἐπιμνησθέντα,
1697 2096 1772 2151 35

87 2176 221 2245 ὀργῇ
247 2174 420 2245 λέγειν
437 2176 568 2244 πρὸς
585 2176 676 2227 τὸν
701 2174 1040 2244 Πρηξάσπεα·
1088 2178 1125 2201 “
1147 2174 1216 2227 Σὺ
1242 2178 1331 2229 νῦν
1348 2176 1479 2243 μάθε
1504 2178 1674 2239 αὐτὸς,

88 2253 138 2307 εἷ
173 2252 392 2323 λέγουσι
438 2252 640 2323 Πέρσαι
675 2252 884 2319 ἀληθέα,
923 2249 1026 2304 εἴτε
1060 2252 1205 2305 αὐτοὶ
1243 2251 1485 2323 λέγοντες
1521 2258 1681 2307 ταῦτα

86 2329 532 2401 παραφρονέουσι.
577 2329 621 2382 εἷ
655 2331 749 2399 μὲν
782 2331 884 2399 γὰρ
919 2333 1011 2383 τοῦ
1047 2330 1228 2385 παιδὸς
1260 2334 1353 2384 τοῦ
1380 2334 1481 2385 σοῦ
1507 2332 1675 2393 τοῦδε,
1698 2338 1723 2377 2

88 2412 345 2464 ἑστεῶτος
371 2407 428 2461 ἒν
447 2410 586 2462 τοῖσι
612 2406 938 2480 προθύροισι,
961 2409 1143 2472 βαλὼν
1168 2407 1373 2477 τύχοιμι
1399 2408 1563 2477 μέσης
1588 2412 1679 2478 τῆς

89 2486 316 2557 καρδίης,
333 2486 536 2557 Πέρσαι
553 2486 827 2555 φανέονται
841 2486 1082 2557 λέγοντες
1098 2485 1260 2540 οὐδέν·
1297 2485 1359 2555 ἢν
1378 2487 1433 2540 δὲ
1450 2488 1676 2559 ἁμάρτω,

90 2566 254 2637 φάναι
276 2563 492 2635 ,Πέρσας
509 2586 566 2618 τε
584 2564 758 2637 λέγειν
775 2564 986 2634 ἀληθέα,
1010 2565 1092 2619 καὶ
1116 2566 1181 2633 με’
1205 2564 1275 2635 μὴ
1297 2562 1675 2637 σωφρονέειν.”
