1975 2892
553 142 754 188 eAAE
767 144 1043 189 IA.-111.
1079 152 1245 198 12-14.
1568 128 1683 191 227

93 206 165 244 01.
187 204 246 245 63.
269 204 330 255 4.]

97 265 162 316 δέ
191 264 371 328 δεκάτῃ
400 259 484 315 ἀπ’
513 258 572 328 ἧς
597 259 862 332 παρέλαβε
887 263 947 316 τὸ
975 265 1146 331 τεῖχος
1171 264 1231 315 τὸ
1259 263 1312 316 ἐν
1332 262 1515 333 Μέμφι
1545 271 1684 331 Καμ-

96 338 294 407 βύσης,
324 338 536 394 κατίσας
563 339 615 393 ἐς
641 341 700 393 τὸ
731 341 1042 411 προάστειον
1068 340 1151 394 ἐπὶ
1184 338 1321 409 λύμῃ
1348 344 1438 395 τὸν
1461 342 1690 405 βασιλέα

98 424 210 471 τῶν
253 417 544 489 Αἰγυπτίων
588 416 929 486 Ψαμμήνιτον,
972 416 1361 481 βασιλεύσαντα
1411 422 1569 487 μῆνας
1610 417 1687 485 ἐξ,

100 499 292 549 τοῦτον
337 496 549 551 κατίσας
597 494 694 548 σὺν
739 495 954 549 ἄλλοισι
1007 496 1355 568 Αἰγυπτίοισι,
1404 498 1689 568 διεπειρᾶτο

103 575 266 629 αὐτοῦ
307 575 397 641 τῆς
440 574 642 645 ψυχῆς,
681 573 866 627 ποιέων
905 575 1095 627 τοιάδε.
1153 574 1363 630 στείλας
1407 575 1563 629 αὐτοῦ
1601 574 1730 643 τὴν2

105 650 363 722 θυγατέρα
398 652 578 720 ἐσθῆτι
619 646 847 719 δουληίῃ,
878 652 1129 721 ἐξέπεμπε
1168 650 1246 707 ἐπ’
1292 650 1429 724 ὕδωρ
1468 654 1696 723 ἔχουσαν

105 728 336 801 ὑδρήῖον·
388 730 697 798 συνέπεμπε
713 730 770 783 δὲ
807 731 888 783 καὶ
919 730 1085 786 ἄλλας
1118 730 1399 800 παρθένους
1438 731 1695 797 ἀπολέξας

107 809 310 879 ἀνδρῶν
333 813 435 862 τῶν
467 810 699 878 πρώτων,
728 808 916 876 ὁμοίως
949 809 1265 878 ἐσταλμένας
1303 813 1363 877 τῇ
1404 813 1497 862 τοῦ
1534 812 1693 873 βασι-

106 888 252 942 λέος.
297 887 365 942 ὧς
400 887 457 939 δὲ
490 889 592 954 βοῇ
616 908 674 939 τε
709 888 791 940 καὶ
827 886 1067 959 κλαυθμῷ
1091 888 1327 957 παρῆσαν
1361 890 1413 941 αἱ
1452 886 1731 959 παρθένοιῡ

109 965 241 1019 κατὰ
279 964 397 1020 τοὺς
431 965 668 1034 πατέρας,
705 965 755 1017 οἱ
795 964 888 1034 μὲν
931 964 1085 1019 ἄλλοι
1124 966 1339 1035 πατέρες
1376 966 1603 1031 ἀνεβόων
1640 986 1699 1018 τε

112 1044 199 1097 καὶ
248 1043 561 1104 ἀντέκλαιον,
604 1042 834 1113 ὁρέοντες
875 1043 938 1095 τὰ
978 1043 1127 1095 τέκνα
1172 1043 1502 1112 κεκακωμένα·
1572 1046 1601 1098 ὁ
1642 1044 1699 1097 δὲ

111 1119 457 1189 Ψαμμήνιτος,
510 1121 735 1191 προϊδὼν
779 1121 863 1173 καὶ
913 1120 1105 1188 μαθὼν,
1153 1121 1318 1191 ἔκυψε
1363 1122 1416 1177 ἐς
1454 1122 1547 1189 τὴν
1583 1124 1696 1192 γῆν.

113 1199 576 1269 παρεξελθουσέων
628 1199 684 1252 δὲ
735 1203 836 1251 τῶν
882 1199 1204 1269 ὑδροφόρων,
1254 1197 1463 1271 δεύτερά
1516 1201 1565 1253 οἱ
1610 1201 1737 1253 τὸν-1

114 1278 275 1333 παῖδα
301 1279 494 1345 ἔπεμπε
527 1275 635 1345 μετ’
673 1276 850 1330 ἄλλων
875 1277 1167 1347 Αἶγυπτίων
1193 1278 1467 1347 δισχιλίων
1492 1277 1584 1345 τὴν
1610 1277 1698 1329 αὖ·

115 1356 211 1423 τὴν
236 1354 436 1422 ἡλικίην
462 1356 699 1425 ἐχόντων,
730 1352 850 1410 τούς
883 1377 940 1408 τε
975 1354 1192 1424 αὐχένας
1218 1357 1359 1427 κάλῳ
1387 1355 1699 1421 δεδεμένους,

117 1436 202 1487 καὶ
249 1434 312 1486 τὰ
353 1436 586 1501 στόματα
628 1433 1139 1504 ἐγκεχαλινωμένους.
1198 1433 1383 1503 ἅγοντο
1430 1434 1487 1486 δὲ
1525 1433 1737 1499 ποινὴν5

116 1512 354 1567 τίσοντες
381 1511 738 1579 Μυτιληναίων
757 1513 896 1564 τοῖσι
924 1511 978 1563 ἐν
1006 1512 1191 1579 Μέμφι
1210 1510 1579 1579 ἀπολομένοισι
1607 1510 1705 1563 σὺν

116 1595 183 1658 τῇ
210 1584 308 1657 νηΐ·
351 1593 509 1643 ταῦτα
533 1590 634 1661 γὰρ
663 1589 902 1643 ἐδίκασαν
928 1590 977 1641 οἱ
1004 1587 1273 1656 βασιλῆἳοι
1300 1588 1553 1650 δικασταὶ,
1576 1588 1704 1658 ὑπὲρ

117 1669 305 1738 ἀνδρὸς
351 1668 572 1721 ἑκάστου
607 1668 726 1721 δέκα
761 1666 1053 1737 Αἰγυπτίων
1078 1672 1181 1720 τῶν
1204 1667 1421 1737 πρώτων
1446 1667 1702 1721 ἀνταπόλ-

118 1745 338 1799 λυσθαι.
382 1749 410 1799 ὁ
454 1746 528 1807 δὲ,
559 1746 679 1799 ἰδὼν
713 1745 1063 1815 παρεξιόντας,
1094 1746 1176 1799 καὶ
1214 1744 1388 1813 μαθὼν
1422 1746 1512 1797 τὸν
1552 1745 1743 1799 παῖδαθ
1782 1803 1787 1809 ,

120 1824 399 1895 ἀγεόμενον
425 1824 508 1877 ἐπὶ
535 1823 767 1884 θάνατον,
795 1828 897 1876 τῶν
921 1823 1100 1877 ἄλλων
1125 1822 1416 1895 Αἷγυπτίων
1434 1828 1535 1877 τῶν
1560 1845 1705 1894 περι-

121 1901 412 1971 κατημένων
444 1902 597 1955 αὐτὸν
631 1904 908 1955 κλαιόντων
934 1903 1017 1955 καὶ
1053 1902 1189 1957 δεινὰ
1223 1899 1517 1963 ποιεύντων,
1547 1902 1709 1955 τώυτὸ

125 1980 339 2047 ἐποίησε
381 1980 441 2033 τὸ
483 1980 565 2033 καὶ
607 1979 692 2033 ἐπὶ
730 1982 793 2047 τῇ
836 1980 1069 2051 θυγατρί.
1130 1980 1490 2051 παρελθόντων
1528 1980 1585 2035 δὲ
1627 1981 1751 2035 καὶῗ

124 2056 338 2119 τούτων,
394 2055 655 2125 συνήνεικε
707 2058 775 2112 ὥς
828 2080 883 2111 τε
935 2062 1037 2111 τῶν
1090 2058 1392 2127 συμποτέων
1436 2059 1487 2112 οἱ
1552 2058 1710 2128 ἄνδρα

124 2135 548 2206 ἀπηλικέστερον,
593 2137 948 2190 ἐκπεπτωκότα
1011 2136 1065 2188 ἐκ
1117 2141 1218 2190 τῶν
1270 2136 1471 2198 ἐόντων,
1526 2136 1713 2205 ἔχοντά

125 2235 185 2268 τε
239 2214 403 2275 οὐδὲν,
452 2212 498 2266 εἰ
546 2214 616 2282 μὴ
662 2213 765 2267 ὅσα
808 2214 1033 2283 πτωχὸς,
1077 2214 1159 2266 καὶ
1208 2213 1582 2284 προσαιτέοντα
1622 2212 1714 2280 τὴν

129 2291 393 2362 στρατιὴν,
437 2293 669 2363 παριέναι
709 2290 1035 2361 Ψαμμῆνιτόν
1076 2313 1133 2344 τε
1182 2293 1273 2345 τὸν
1322 2290 1589 2360 Ἀμάσιος,
1632 2291 1715 2343 καὶ

129 2370 252 2425 τοὺς
307 2370 361 2423 ἐν
413 2373 484 2442 τῷ
537 2370 830 2441 προαστείῳ
884 2367 1188 2437 κατημένους
1248 2374 1350 2422 τῶν
1400 2367 1711 2440 Αἰγυπτίων.

131 2450 162 2501 ὁ
209 2447 266 2500 δὲ
301 2446 626 2517 Ψαμμήνιτος
665 2449 734 2503 ὣς
779 2443 900 2509 εἶδε,
941 2445 1267 2502 ἀνακλαύσας
1302 2446 1452 2518 μέγα,
1495 2447 1577 2499 καὶ
1626 2468 1713 2499 κα-
1729 2464 1755 2507 8

131 2525 296 2581 λέσας
337 2526 578 2593 οὐνόματι
623 2527 713 2579 τὸν
759 2527 974 2595 ἑταῖρον,
1025 2524 1283 2594 ἐπλήξατο
1329 2524 1421 2593 τὴν
1462 2523 1711 2595 κεφαλήν.

127 2610 304 2657 Ἠσαν
343 2602 387 2657 δ’
429 2603 528 2674 ἆρα
579 2604 735 2658 αὐτοῦ
779 2602 1025 2673 φύλακοι,
1068 2600 1120 2657 οἳ
1158 2604 1219 2657 τὸ
1270 2600 1567 2681 ποιεύμενον
1616 2604 1715 2657 πᾶν
1732 2615 1759 2659 9
