<?xml version="1.0" encoding="UTF-8"?>
<!DOCTYPE html PUBLIC "-//W3C//DTD XHTML 1.0 Transitional//EN"
    "http://www.w3.org/TR/xhtml1/DTD/xhtml1-transitional.dtd">
<html xmlns="http://www.w3.org/1999/xhtml" xml:lang="en" lang="en">
 <head>
  <title>
</title>
<meta http-equiv="Content-Type" content="text/html;charset=utf-8" />
  <meta name='ocr-system' content='tesseract 3.04.00' />
  <meta name='ocr-capabilities' content='ocr_page ocr_carea ocr_par ocr_line ocrx_word'/>
</head>
<body>
  <div class='ocr_page' id='page_1' title='image "./herodotihistori00westgoog_0361.png"; bbox 0 0 1975 2892; ppageno 0'>
   <div class='ocr_carea' id='block_1_1' title="bbox 115 130 1714 251">
    <p class='ocr_par' dir='ltr' id='par_1_1' title="bbox 115 130 1714 251">
     <span class='ocr_line' id='line_1_1' title="bbox 115 130 1714 251; baseline 0.003 -65"><span class='ocrx_word' id='word_1_1' title='bbox 115 204 188 243; x_wconf 41' lang='grc' dir='ltr'>οἱ.</span> <span class='ocrx_word' id='word_1_2' title='bbox 211 202 275 243; x_wconf 74' lang='lat' dir='ltr'>as.</span> <span class='ocrx_word' id='word_1_3' title='bbox 293 202 352 251; x_wconf 28' lang='lat'>4⁶]</span> <span class='ocrx_word' id='word_1_4' title='bbox 471 134 1175 188; x_wconf 76' lang='lat' dir='ltr'><strong>MEAn‘OMENH.-rv.</strong></span> <span class='ocrx_word' id='word_1_5' title='bbox 1211 139 1379 198; x_wconf 60' lang='grc' dir='ltr'>ιιι-23,</span> <span class='ocrx_word' id='word_1_6' title='bbox 1601 130 1714 191; x_wconf 82' lang='grc'>317</span> 
     </span>
    </p>
   </div>
   <div class='ocr_carea' id='block_1_2' title="bbox 115 250 1829 2671">
    <p class='ocr_par' dir='ltr' id='par_1_2' title="bbox 115 250 1829 2671">
     <span class='ocr_line' id='line_1_2' title="bbox 121 250 1713 325; baseline 0.003 -18"><span class='ocrx_word' id='word_1_7' title='bbox 121 256 158 323; x_wconf 85' lang='grc' dir='ltr'>ἡ</span> <span class='ocrx_word' id='word_1_8' title='bbox 190 256 287 323; x_wconf 79' lang='grc' dir='ltr'>μὲν</span> <span class='ocrx_word' id='word_1_9' title='bbox 311 255 485 325; x_wconf 90' lang='grc' dir='ltr'>πρώτη</span> <span class='ocrx_word' id='word_1_10' title='bbox 525 259 627 307; x_wconf 81' lang='grc' dir='ltr'>τῶν</span> <span class='ocrx_word' id='word_1_11' title='bbox 661 256 856 321; x_wconf 81' lang='grc' dir='ltr'>λαξίων</span> <span class='ocrx_word' id='word_1_12' title='bbox 881 254 1245 325; x_wconf 75' lang='grc' dir='ltr'>Σαυροματέων</span> <span class='ocrx_word' id='word_1_13' title='bbox 1276 256 1408 310; x_wconf 84' lang='grc' dir='ltr'>ε’στί·</span> <span class='ocrx_word' id='word_1_14' title='bbox 1454 253 1503 310; x_wconf 75' lang='grc' dir='ltr'>οἳ</span> <span class='ocrx_word' id='word_1_15' title='bbox 1540 250 1595 310; x_wconf 85' lang='grc' dir='ltr'>ε’κ</span> <span class='ocrx_word' id='word_1_16' title='bbox 1622 262 1713 311; x_wconf 85' lang='grc' dir='ltr'>τοῦ</span> 
     </span>
     <span class='ocr_line' id='line_1_3' title="bbox 115 331 1713 403; baseline 0.003 -18"><span class='ocrx_word' id='word_1_17' title='bbox 115 336 298 403; x_wconf 85' lang='grc' dir='ltr'>μυχοῦ</span> <span class='ocrx_word' id='word_1_18' title='bbox 344 332 616 402; x_wconf 76' lang='grc' dir='ltr'>ἀρξάμενοι</span> <span class='ocrx_word' id='word_1_19' title='bbox 663 334 752 400; x_wconf 83' lang='grc' dir='ltr'>τῆς</span> <span class='ocrx_word' id='word_1_20' title='bbox 799 331 1080 400; x_wconf 79' lang='grc' dir='ltr'>Μαιήτιδος</span> <span class='ocrx_word' id='word_1_21' title='bbox 1125 334 1323 402; x_wconf 77' lang='grc' dir='ltr'>λίμνης,</span> <span class='ocrx_word' id='word_1_22' title='bbox 1374 334 1607 403; x_wconf 89' lang='grc' dir='ltr'>νέμονται</span> <span class='ocrx_word' id='word_1_23' title='bbox 1654 340 1713 389; x_wconf 86' lang='grc' dir='ltr'>τὸ</span> 
     </span>
     <span class='ocr_line' id='line_1_4' title="bbox 117 409 1717 481; baseline 0.003 -18"><span class='ocrx_word' id='word_1_24' title='bbox 117 412 261 481; x_wconf 84' lang='grc' dir='ltr'>πρὸς</span> <span class='ocrx_word' id='word_1_25' title='bbox 293 412 458 480; x_wconf 85' lang='grc' dir='ltr'>βορῆν</span> <span class='ocrx_word' id='word_1_26' title='bbox 493 409 692 477; x_wconf 75' lang='grc' dir='ltr'>ἄνεμον,</span> <span class='ocrx_word' id='word_1_27' title='bbox 723 409 947 480; x_wconf 82' lang='grc' dir='ltr'>ἡμερέων</span> <span class='ocrx_word' id='word_1_28' title='bbox 984 412 1339 465; x_wconf 87' lang='grc' dir='ltr'>πεντεκαίδεκα</span> <span class='ocrx_word' id='word_1_29' title='bbox 1375 414 1513 475; x_wconf 87' lang='grc' dir='ltr'>ὁδὸν,</span> <span class='ocrx_word' id='word_1_30' title='bbox 1541 418 1717 468; x_wconf 86' lang='grc' dir='ltr'>πᾶσαν</span> 
     </span>
     <span class='ocr_line' id='line_1_5' title="bbox 123 488 1755 562; baseline 0.004 -21"><span class='ocrx_word' id='word_1_31' title='bbox 123 490 324 542; x_wconf 83' lang='grc' dir='ltr'>ἐοῦσαν</span> <span class='ocrx_word' id='word_1_32' title='bbox 347 488 517 557; x_wconf 75' lang='grc' dir='ltr'>ψιλὴν</span> <span class='ocrx_word' id='word_1_33' title='bbox 544 490 626 541; x_wconf 79' lang='grc' dir='ltr'>καὶ</span> <span class='ocrx_word' id='word_1_34' title='bbox 652 488 845 558; x_wconf 76' lang='grc' dir='ltr'>ἀγρίων</span> <span class='ocrx_word' id='word_1_35' title='bbox 871 490 952 541; x_wconf 79' lang='grc' dir='ltr'>καὶ</span> <span class='ocrx_word' id='word_1_36' title='bbox 977 488 1176 559; x_wconf 86' lang='grc' dir='ltr'>ἡμέρων</span> <span class='ocrx_word' id='word_1_37' title='bbox 1202 490 1465 560; x_wconf 83' lang='grc' dir='ltr'>δενδρέων.</span> <span class='ocrx_word' id='word_1_38' title='bbox 1508 492 1711 562; x_wconf 82' lang='grc' dir='ltr'>ὖπεροι-</span> <span class='ocrx_word' id='word_1_39' title='bbox 1730 507 1755 547; x_wconf 76' lang='lat'>2</span> 
     </span>
     <span class='ocr_line' id='line_1_6' title="bbox 127 564 1718 640; baseline 0.001 -20"><span class='ocrx_word' id='word_1_40' title='bbox 127 566 314 620; x_wconf 87' lang='grc' dir='ltr'>κέουσι</span> <span class='ocrx_word' id='word_1_41' title='bbox 341 567 398 619; x_wconf 77' lang='grc' dir='ltr'>δὲ</span> <span class='ocrx_word' id='word_1_42' title='bbox 423 564 634 627; x_wconf 80' lang='grc' dir='ltr'>τούτων,</span> <span class='ocrx_word' id='word_1_43' title='bbox 653 566 890 636; x_wconf 83' lang='grc' dir='ltr'>δευτέρην</span> <span class='ocrx_word' id='word_1_44' title='bbox 913 568 1067 633; x_wconf 76' lang='grc' dir='ltr'>λάξιν</span> <span class='ocrx_word' id='word_1_45' title='bbox 1093 569 1315 637; x_wconf 79' lang='grc' dir='ltr'>ἔχοντες,</span> <span class='ocrx_word' id='word_1_46' title='bbox 1344 570 1593 630; x_wconf 77' lang='grc' dir='ltr'>Βουδῖνοι,</span> <span class='ocrx_word' id='word_1_47' title='bbox 1621 572 1718 640; x_wconf 88' lang='grc' dir='ltr'>γῆν</span> 
     </span>
     <span class='ocr_line' id='line_1_7' title="bbox 127 642 1809 713; baseline 0.002 -14"><span class='ocrx_word' id='word_1_48' title='bbox 127 647 398 713; x_wconf 86' lang='grc' dir='ltr'>νεμόμενοι</span> <span class='ocrx_word' id='word_1_49' title='bbox 437 646 613 697; x_wconf 82' lang='grc' dir='ltr'>πᾶσαν</span> <span class='ocrx_word' id='word_1_50' title='bbox 653 643 842 710; x_wconf 87' lang='grc' dir='ltr'>δασέην</span> <span class='ocrx_word' id='word_1_51' title='bbox 875 642 975 712; x_wconf 78' lang='grc' dir='ltr'>ὕλῃ</span> <span class='ocrx_word' id='word_1_52' title='bbox 1016 645 1250 713; x_wconf 81' lang='grc' dir='ltr'>παντοίῃ.</span> <span class='ocrx_word' id='word_1_53' title='bbox 1466 648 1719 701; x_wconf 84' lang='grc' dir='ltr'>Βουδίνων</span> <span class='ocrx_word' id='word_1_54' title='bbox 1733 652 1809 703; x_wconf 86' lang='grc'>22</span> 
     </span>
     <span class='ocr_line' id='line_1_8' title="bbox 128 720 1717 796; baseline 0.003 -19"><span class='ocrx_word' id='word_1_55' title='bbox 128 724 190 777; x_wconf 81' lang='grc' dir='ltr'>δὲ</span> <span class='ocrx_word' id='word_1_56' title='bbox 224 720 504 786; x_wconf 76' lang='grc' dir='ltr'>κατύπερθε</span> <span class='ocrx_word' id='word_1_57' title='bbox 538 723 667 792; x_wconf 86' lang='grc' dir='ltr'>πρὸς</span> <span class='ocrx_word' id='word_1_58' title='bbox 699 724 881 792; x_wconf 87' lang='grc' dir='ltr'>βορῆν,</span> <span class='ocrx_word' id='word_1_59' title='bbox 920 725 1035 776; x_wconf 76' lang='grc' dir='ltr'>ἔστι</span> <span class='ocrx_word' id='word_1_60' title='bbox 1066 726 1241 794; x_wconf 85' lang='grc' dir='ltr'>πρώτη</span> <span class='ocrx_word' id='word_1_61' title='bbox 1276 724 1370 792; x_wconf 78' lang='grc' dir='ltr'>μὲν</span> <span class='ocrx_word' id='word_1_62' title='bbox 1405 726 1605 796; x_wconf 80' lang='grc' dir='ltr'>ε’ρῆμος,</span> <span class='ocrx_word' id='word_1_63' title='bbox 1640 725 1717 780; x_wconf 82' lang='grc' dir='ltr'>ἐπ’</span> 
     </span>
     <span class='ocr_line' id='line_1_9' title="bbox 129 800 1720 873; baseline 0.003 -21"><span class='ocrx_word' id='word_1_64' title='bbox 129 800 360 871; x_wconf 78' lang='grc' dir='ltr'>ἡμερέων</span> <span class='ocrx_word' id='word_1_65' title='bbox 405 800 534 853; x_wconf 75' lang='grc' dir='ltr'>ἔπτὰ</span> <span class='ocrx_word' id='word_1_66' title='bbox 575 801 712 853; x_wconf 83' lang='grc' dir='ltr'>ὁδὸν·</span> <span class='ocrx_word' id='word_1_67' title='bbox 768 802 896 867; x_wconf 82' lang='grc' dir='ltr'>μετὰ</span> <span class='ocrx_word' id='word_1_68' title='bbox 931 802 986 855; x_wconf 78' lang='grc' dir='ltr'>δὲ</span> <span class='ocrx_word' id='word_1_69' title='bbox 1031 802 1122 870; x_wconf 83' lang='grc' dir='ltr'>τὴν</span> <span class='ocrx_word' id='word_1_70' title='bbox 1154 803 1356 873; x_wconf 78' lang='grc' dir='ltr'>ἐρῆμον,</span> <span class='ocrx_word' id='word_1_71' title='bbox 1396 804 1720 857; x_wconf 74' lang='grc' dir='ltr'>ἀποκλίνοντι</span> 
     </span>
     <span class='ocr_line' id='line_1_10' title="bbox 130 878 1719 953; baseline 0.003 -22"><span class='ocrx_word' id='word_1_72' title='bbox 130 881 338 949; x_wconf 80' lang='grc' dir='ltr'>μᾶλλον</span> <span class='ocrx_word' id='word_1_73' title='bbox 371 880 501 948; x_wconf 84' lang='grc' dir='ltr'>πρὸς</span> <span class='ocrx_word' id='word_1_74' title='bbox 535 878 827 945; x_wconf 76' lang='grc' dir='ltr'>ἀπηλιώτην</span> <span class='ocrx_word' id='word_1_75' title='bbox 865 880 1067 947; x_wconf 76' lang='grc' dir='ltr'>ἄνεμον,</span> <span class='ocrx_word' id='word_1_76' title='bbox 1097 880 1327 948; x_wconf 80' lang='grc' dir='ltr'>νέμονται</span> <span class='ocrx_word' id='word_1_77' title='bbox 1366 883 1719 953; x_wconf 84' lang='grc' dir='ltr'>θυσσαγέται,</span> 
     </span>
     <span class='ocr_line' id='line_1_11' title="bbox 134 954 1761 1030; baseline 0.002 -20"><span class='ocrx_word' id='word_1_78' title='bbox 134 958 284 1011; x_wconf 76' lang='grc' dir='ltr'>ἔθνος</span> <span class='ocrx_word' id='word_1_79' title='bbox 307 958 510 1010; x_wconf 86' lang='grc' dir='ltr'>πολλὸν</span> <span class='ocrx_word' id='word_1_80' title='bbox 537 958 618 1009; x_wconf 78' lang='grc' dir='ltr'>καὶ</span> <span class='ocrx_word' id='word_1_81' title='bbox 635 954 783 1009; x_wconf 79' lang='grc' dir='ltr'>ἴδιον·</span> <span class='ocrx_word' id='word_1_82' title='bbox 830 958 1022 1021; x_wconf 75' lang='grc' dir='ltr'>ζώουσι</span> <span class='ocrx_word' id='word_1_83' title='bbox 1049 959 1105 1011; x_wconf 81' lang='grc' dir='ltr'>δὲ</span> <span class='ocrx_word' id='word_1_84' title='bbox 1132 960 1233 1013; x_wconf 79' lang='grc' dir='ltr'>ἀπὸ</span> <span class='ocrx_word' id='word_1_85' title='bbox 1263 959 1436 1030; x_wconf 77' lang='grc' dir='ltr'>θήρης.</span> <span class='ocrx_word' id='word_1_86' title='bbox 1481 961 1761 1030; x_wconf 69' lang='grc' dir='ltr'>Συνεχέεςῦ</span> 
     </span>
     <span class='ocr_line' id='line_1_12' title="bbox 138 1033 1724 1106; baseline 0.002 -17"><span class='ocrx_word' id='word_1_87' title='bbox 138 1036 196 1089; x_wconf 76' lang='grc' dir='ltr'>δὲ</span> <span class='ocrx_word' id='word_1_88' title='bbox 225 1033 458 1087; x_wconf 79' lang='grc' dir='ltr'>τούτοισι</span> <span class='ocrx_word' id='word_1_89' title='bbox 485 1033 540 1087; x_wconf 80' lang='grc' dir='ltr'>ἐν</span> <span class='ocrx_word' id='word_1_90' title='bbox 575 1037 713 1087; x_wconf 80' lang='grc' dir='ltr'>τοῖσι</span> <span class='ocrx_word' id='word_1_91' title='bbox 754 1035 956 1088; x_wconf 75' lang='grc' dir='ltr'>αὐτοῖσι</span> <span class='ocrx_word' id='word_1_92' title='bbox 994 1040 1203 1090; x_wconf 83' lang='grc' dir='ltr'>τόποισι</span> <span class='ocrx_word' id='word_1_93' title='bbox 1241 1039 1583 1106; x_wconf 84' lang='grc' dir='ltr'>κατοικημένοι</span> <span class='ocrx_word' id='word_1_94' title='bbox 1620 1039 1724 1093; x_wconf 83' lang='grc' dir='ltr'>εἶσὶ</span> 
     </span>
     <span class='ocr_line' id='line_1_13' title="bbox 137 1109 1721 1192; baseline 0.002 -26"><span class='ocrx_word' id='word_1_95' title='bbox 137 1116 282 1166; x_wconf 78' lang='grc' dir='ltr'>τοῖσι</span> <span class='ocrx_word' id='word_1_96' title='bbox 309 1114 500 1180; x_wconf 69' lang='grc' dir='ltr'>οὕνομα</span> <span class='ocrx_word' id='word_1_97' title='bbox 539 1114 696 1166; x_wconf 80' lang='grc' dir='ltr'>κεῖται</span> <span class='ocrx_word' id='word_1_98' title='bbox 723 1109 932 1183; x_wconf 78' lang='grc' dir='ltr'>’Ῑῦρκαι,</span> <span class='ocrx_word' id='word_1_99' title='bbox 963 1117 1046 1168; x_wconf 78' lang='grc' dir='ltr'>καὶ</span> <span class='ocrx_word' id='word_1_100' title='bbox 1078 1114 1219 1192; x_wconf 77' lang='grc' dir='ltr'>οὗτοι</span> <span class='ocrx_word' id='word_1_101' title='bbox 1246 1116 1347 1169; x_wconf 80' lang='grc' dir='ltr'>ἀπὸ</span> <span class='ocrx_word' id='word_1_102' title='bbox 1385 1116 1540 1187; x_wconf 80' lang='grc' dir='ltr'>θήρης</span> <span class='ocrx_word' id='word_1_103' title='bbox 1568 1118 1721 1182; x_wconf 76' lang='grc' dir='ltr'>ζώον-</span> 
     </span>
     <span class='ocr_line' id='line_1_14' title="bbox 142 1192 1764 1267; baseline 0.004 -22"><span class='ocrx_word' id='word_1_104' title='bbox 142 1214 227 1247; x_wconf 86' lang='grc' dir='ltr'>τες</span> <span class='ocrx_word' id='word_1_105' title='bbox 262 1195 434 1263; x_wconf 80' lang='grc' dir='ltr'>τρόπῳ</span> <span class='ocrx_word' id='word_1_106' title='bbox 472 1192 668 1263; x_wconf 71' lang='grc' dir='ltr'>τοιῷδε.</span> <span class='ocrx_word' id='word_1_107' title='bbox 710 1193 866 1260; x_wconf 76' lang='grc' dir='ltr'>λοχᾷ,</span> <span class='ocrx_word' id='word_1_108' title='bbox 896 1193 980 1246; x_wconf 85' lang='grc' dir='ltr'>ε’πὶ</span> <span class='ocrx_word' id='word_1_109' title='bbox 1021 1194 1254 1264; x_wconf 87' lang='grc' dir='ltr'>δένδρεον</span> <span class='ocrx_word' id='word_1_110' title='bbox 1288 1194 1498 1259; x_wconf 78' lang='grc' dir='ltr'>ἀναβάς·</span> <span class='ocrx_word' id='word_1_111' title='bbox 1544 1193 1633 1267; x_wconf 79' lang='grc' dir='ltr'>(τὰ</span> <span class='ocrx_word' id='word_1_112' title='bbox 1670 1196 1764 1251; x_wconf 70' lang='grc' dir='ltr'>δέ4</span> 
     </span>
     <span class='ocr_line' id='line_1_15' title="bbox 142 1266 1723 1344; baseline 0.001 -21"><span class='ocrx_word' id='word_1_113' title='bbox 142 1271 258 1323; x_wconf 84' lang='grc' dir='ltr'>ε’στι</span> <span class='ocrx_word' id='word_1_114' title='bbox 297 1270 460 1323; x_wconf 83' lang='grc' dir='ltr'>πυκνὰ</span> <span class='ocrx_word' id='word_1_115' title='bbox 499 1269 593 1322; x_wconf 78' lang='grc' dir='ltr'>ἀνὰ</span> <span class='ocrx_word' id='word_1_116' title='bbox 627 1272 803 1322; x_wconf 79' lang='grc' dir='ltr'>πᾶσαν</span> <span class='ocrx_word' id='word_1_117' title='bbox 836 1270 928 1337; x_wconf 83' lang='grc' dir='ltr'>τὴν</span> <span class='ocrx_word' id='word_1_118' title='bbox 960 1266 1181 1343; x_wconf 89' lang='grc' dir='ltr'>χώρην·)</span> <span class='ocrx_word' id='word_1_119' title='bbox 1224 1270 1377 1327; x_wconf 80' lang='grc' dir='ltr'>ἵππος</span> <span class='ocrx_word' id='word_1_120' title='bbox 1412 1274 1467 1326; x_wconf 76' lang='grc' dir='ltr'>δὲ</span> <span class='ocrx_word' id='word_1_121' title='bbox 1504 1275 1723 1344; x_wconf 78' lang='grc' dir='ltr'>ἑκάστῳ,</span> 
     </span>
     <span class='ocr_line' id='line_1_16' title="bbox 144 1346 1724 1419; baseline -0.001 -17"><span class='ocrx_word' id='word_1_122' title='bbox 144 1346 500 1416; x_wconf 80' lang='grc' dir='ltr'>δεδιδαγμένος</span> <span class='ocrx_word' id='word_1_123' title='bbox 540 1347 623 1400; x_wconf 79' lang='grc' dir='ltr'>ἐπὶ</span> <span class='ocrx_word' id='word_1_124' title='bbox 655 1349 884 1419; x_wconf 82' lang='grc' dir='ltr'>γαστέρα</span> <span class='ocrx_word' id='word_1_125' title='bbox 920 1350 1121 1402; x_wconf 85' lang='grc' dir='ltr'>κεῖσθαι</span> <span class='ocrx_word' id='word_1_126' title='bbox 1153 1353 1509 1417; x_wconf 82' lang='grc' dir='ltr'>ταπεινότητος</span> <span class='ocrx_word' id='word_1_127' title='bbox 1545 1348 1724 1410; x_wconf 82' lang='grc' dir='ltr'>εἵνεκα,</span> 
     </span>
     <span class='ocr_line' id='line_1_17' title="bbox 145 1424 1727 1497; baseline 0.001 -18"><span class='ocrx_word' id='word_1_128' title='bbox 145 1428 344 1493; x_wconf 79' lang='grc' dir='ltr'>ἑτοῖμός</span> <span class='ocrx_word' id='word_1_129' title='bbox 381 1426 512 1487; x_wconf 88' lang='grc' dir='ltr'>ε’στι,</span> <span class='ocrx_word' id='word_1_130' title='bbox 544 1426 625 1477; x_wconf 81' lang='grc' dir='ltr'>καὶ</span> <span class='ocrx_word' id='word_1_131' title='bbox 664 1424 814 1479; x_wconf 80' lang='grc' dir='ltr'>κύων·</span> <span class='ocrx_word' id='word_1_132' title='bbox 859 1426 1011 1479; x_wconf 77' lang='grc' dir='ltr'>ε’πεᾶν</span> <span class='ocrx_word' id='word_1_133' title='bbox 1048 1427 1103 1479; x_wconf 80' lang='grc' dir='ltr'>δὲ</span> <span class='ocrx_word' id='word_1_134' title='bbox 1140 1427 1293 1495; x_wconf 74' lang='grc' dir='ltr'>ἀπίδῃ</span> <span class='ocrx_word' id='word_1_135' title='bbox 1329 1429 1388 1480; x_wconf 86' lang='grc' dir='ltr'>τὸ</span> <span class='ocrx_word' id='word_1_136' title='bbox 1427 1427 1601 1497; x_wconf 88' lang='grc' dir='ltr'>θηρίον</span> <span class='ocrx_word' id='word_1_137' title='bbox 1627 1428 1727 1481; x_wconf 85' lang='grc' dir='ltr'>άπὸ</span> 
     </span>
     <span class='ocr_line' id='line_1_18' title="bbox 145 1501 1725 1573; baseline 0.001 -16"><span class='ocrx_word' id='word_1_138' title='bbox 145 1508 240 1557; x_wconf 87' lang='grc' dir='ltr'>τοῦ</span> <span class='ocrx_word' id='word_1_139' title='bbox 267 1503 520 1573; x_wconf 84' lang='grc' dir='ltr'>δενδρέου,</span> <span class='ocrx_word' id='word_1_140' title='bbox 544 1501 794 1571; x_wconf 79' lang='grc' dir='ltr'>τοξεύσας</span> <span class='ocrx_word' id='word_1_141' title='bbox 815 1505 896 1556; x_wconf 79' lang='grc' dir='ltr'>καὶ</span> <span class='ocrx_word' id='word_1_142' title='bbox 924 1505 1107 1563; x_wconf 81' lang='grc' dir='ltr'>ἐπιβὰς</span> <span class='ocrx_word' id='word_1_143' title='bbox 1135 1505 1219 1558; x_wconf 79' lang='grc' dir='ltr'>ἐπὶ</span> <span class='ocrx_word' id='word_1_144' title='bbox 1243 1508 1334 1559; x_wconf 84' lang='grc' dir='ltr'>τὸν</span> <span class='ocrx_word' id='word_1_145' title='bbox 1359 1502 1517 1559; x_wconf 78' lang='grc' dir='ltr'>ἵππον</span> <span class='ocrx_word' id='word_1_146' title='bbox 1542 1507 1725 1571; x_wconf 88' lang='grc' dir='ltr'>διώκει,</span> 
     </span>
     <span class='ocr_line' id='line_1_19' title="bbox 149 1580 1768 1654; baseline 0.002 -19"><span class='ocrx_word' id='word_1_147' title='bbox 149 1583 231 1635; x_wconf 83' lang='grc' dir='ltr'>καὶ</span> <span class='ocrx_word' id='word_1_148' title='bbox 258 1584 286 1635; x_wconf 89' lang='grc' dir='ltr'><strong><em>ὁ</em></strong></span> <span class='ocrx_word' id='word_1_149' title='bbox 314 1580 445 1634; x_wconf 77' lang='grc' dir='ltr'>κύων</span> <span class='ocrx_word' id='word_1_150' title='bbox 476 1583 664 1650; x_wconf 79' lang='grc' dir='ltr'>ἔχεται.</span> <span class='ocrx_word' id='word_1_151' title='bbox 746 1580 903 1652; x_wconf 65' lang='grc' dir='ltr'>ε’Υπὲρ</span> <span class='ocrx_word' id='word_1_152' title='bbox 939 1584 996 1635; x_wconf 81' lang='grc' dir='ltr'>δὲ</span> <span class='ocrx_word' id='word_1_153' title='bbox 1030 1580 1242 1644; x_wconf 77' lang='grc' dir='ltr'>τούτων,</span> <span class='ocrx_word' id='word_1_154' title='bbox 1272 1585 1331 1637; x_wconf 84' lang='grc' dir='ltr'>τὸ</span> <span class='ocrx_word' id='word_1_155' title='bbox 1366 1586 1497 1654; x_wconf 82' lang='grc' dir='ltr'>πρὸς</span> <span class='ocrx_word' id='word_1_156' title='bbox 1531 1584 1623 1652; x_wconf 81' lang='grc' dir='ltr'>τὴν</span> <span class='ocrx_word' id='word_1_157' title='bbox 1657 1582 1768 1651; x_wconf 74' lang='grc' dir='ltr'>ἧῶδ</span> 
     </span>
     <span class='ocr_line' id='line_1_20' title="bbox 151 1657 1732 1729; baseline 0.001 -16"><span class='ocrx_word' id='word_1_158' title='bbox 151 1660 475 1713; x_wconf 78' lang='grc' dir='ltr'>ἀποκλίνοντι</span> <span class='ocrx_word' id='word_1_159' title='bbox 503 1659 728 1713; x_wconf 73' lang='grc' dir='ltr'>οἰκέουσι</span> <span class='ocrx_word' id='word_1_160' title='bbox 756 1659 939 1713; x_wconf 79' lang='grc' dir='ltr'>Σκύθαι</span> <span class='ocrx_word' id='word_1_161' title='bbox 967 1660 1141 1725; x_wconf 74' lang='grc' dir='ltr'>ἄλλοι,</span> <span class='ocrx_word' id='word_1_162' title='bbox 1170 1662 1270 1715; x_wconf 81' lang='grc' dir='ltr'>άπὸ</span> <span class='ocrx_word' id='word_1_163' title='bbox 1306 1666 1408 1715; x_wconf 82' lang='grc' dir='ltr'>τῶν</span> <span class='ocrx_word' id='word_1_164' title='bbox 1440 1657 1732 1729; x_wconf 70' lang='grc' dir='ltr'>βασιληίων</span> 
     </span>
     <span class='ocr_line' id='line_1_21' title="bbox 151 1736 1733 1807; baseline 0.002 -16"><span class='ocrx_word' id='word_1_165' title='bbox 151 1738 381 1792; x_wconf 82' lang='grc' dir='ltr'>Σκυθέων</span> <span class='ocrx_word' id='word_1_166' title='bbox 406 1738 740 1799; x_wconf 81' lang='grc' dir='ltr'>ἀποστάντες,</span> <span class='ocrx_word' id='word_1_167' title='bbox 771 1741 851 1791; x_wconf 83' lang='grc' dir='ltr'>καὶ</span> <span class='ocrx_word' id='word_1_168' title='bbox 878 1736 1012 1791; x_wconf 82' lang='grc' dir='ltr'>οὕτω</span> <span class='ocrx_word' id='word_1_169' title='bbox 1039 1739 1331 1807; x_wconf 81' lang='grc' dir='ltr'>ἀπικόμενοι</span> <span class='ocrx_word' id='word_1_170' title='bbox 1357 1738 1412 1794; x_wconf 80' lang='grc' dir='ltr'>ές</span> <span class='ocrx_word' id='word_1_171' title='bbox 1436 1744 1619 1793; x_wconf 88' lang='grc' dir='ltr'>τοῦτον</span> <span class='ocrx_word' id='word_1_172' title='bbox 1645 1743 1733 1794; x_wconf 90' lang='grc' dir='ltr'>τὸν</span> 
     </span>
     <span class='ocr_line' id='line_1_22' title="bbox 152 1815 1829 1887; baseline 0.004 -19"><span class='ocrx_word' id='word_1_173' title='bbox 152 1822 341 1887; x_wconf 86' lang='grc' dir='ltr'>χῶρον.</span> <span class='ocrx_word' id='word_1_174' title='bbox 557 1815 728 1885; x_wconf 89' lang='grc' dir='ltr'>Μέχρι</span> <span class='ocrx_word' id='word_1_175' title='bbox 767 1816 861 1885; x_wconf 75' lang='grc' dir='ltr'>μὲν</span> <span class='ocrx_word' id='word_1_176' title='bbox 900 1817 961 1885; x_wconf 86' lang='grc' dir='ltr'>δὴ</span> <span class='ocrx_word' id='word_1_177' title='bbox 1003 1819 1092 1885; x_wconf 87' lang='grc' dir='ltr'>τῆς</span> <span class='ocrx_word' id='word_1_178' title='bbox 1128 1815 1324 1871; x_wconf 78' lang='grc' dir='ltr'>τούτων</span> <span class='ocrx_word' id='word_1_179' title='bbox 1362 1822 1463 1870; x_wconf 83' lang='grc' dir='ltr'>τῶν</span> <span class='ocrx_word' id='word_1_180' title='bbox 1503 1819 1732 1872; x_wconf 84' lang='grc' dir='ltr'>Σκυθέων</span> <span class='ocrx_word' id='word_1_181' title='bbox 1751 1822 1829 1875; x_wconf 82' lang='grc'>23</span> 
     </span>
     <span class='ocr_line' id='line_1_23' title="bbox 154 1892 1735 1968; baseline 0.003 -22"><span class='ocrx_word' id='word_1_182' title='bbox 154 1897 340 1964; x_wconf 88' lang='grc' dir='ltr'>χώρης,</span> <span class='ocrx_word' id='word_1_183' title='bbox 383 1894 498 1948; x_wconf 69' lang='grc' dir='ltr'>ἔστι</span> <span class='ocrx_word' id='word_1_184' title='bbox 544 1892 575 1960; x_wconf 85' lang='grc' dir='ltr'><em>ἦ</em></span> <span class='ocrx_word' id='word_1_185' title='bbox 623 1896 999 1963; x_wconf 85' lang='grc' dir='ltr'>καταλεχθεῖσα</span> <span class='ocrx_word' id='word_1_186' title='bbox 1039 1899 1186 1950; x_wconf 84' lang='grc' dir='ltr'>πᾶσα</span> <span class='ocrx_word' id='word_1_187' title='bbox 1225 1897 1403 1952; x_wconf 90' lang='grc' dir='ltr'>πεδιάς</span> <span class='ocrx_word' id='word_1_188' title='bbox 1442 1919 1500 1951; x_wconf 89' lang='grc' dir='ltr'>τε</span> <span class='ocrx_word' id='word_1_189' title='bbox 1540 1900 1606 1968; x_wconf 88' lang='grc' dir='ltr'>γῆ</span> <span class='ocrx_word' id='word_1_190' title='bbox 1654 1899 1735 1950; x_wconf 82' lang='grc' dir='ltr'>καὶ</span> 
     </span>
     <span class='ocr_line' id='line_1_24' title="bbox 155 1970 1732 2047; baseline 0.003 -22"><span class='ocrx_word' id='word_1_191' title='bbox 155 1970 424 2044; x_wconf 76' lang='grc' dir='ltr'>βαθῦγεος·</span> <span class='ocrx_word' id='word_1_192' title='bbox 470 1973 529 2026; x_wconf 84' lang='grc' dir='ltr'>τὸ</span> <span class='ocrx_word' id='word_1_193' title='bbox 557 1970 600 2025; x_wconf 68' lang='grc' dir='ltr'>δ’</span> <span class='ocrx_word' id='word_1_194' title='bbox 623 1972 723 2025; x_wconf 80' lang='grc' dir='ltr'>ἀπὸ</span> <span class='ocrx_word' id='word_1_195' title='bbox 750 1972 951 2034; x_wconf 76' lang='grc' dir='ltr'>τούτου,</span> <span class='ocrx_word' id='word_1_196' title='bbox 973 1974 1197 2041; x_wconf 88' lang='grc' dir='ltr'>λιθώδης</span> <span class='ocrx_word' id='word_1_197' title='bbox 1215 1974 1258 2028; x_wconf 85' lang='grc' dir='ltr'>τ’</span> <span class='ocrx_word' id='word_1_198' title='bbox 1281 1976 1396 2028; x_wconf 81' lang='grc' dir='ltr'>ε’στὶ</span> <span class='ocrx_word' id='word_1_199' title='bbox 1424 1978 1504 2029; x_wconf 82' lang='grc' dir='ltr'>καὶ</span> <span class='ocrx_word' id='word_1_200' title='bbox 1523 1976 1732 2047; x_wconf 85' lang='grc' dir='ltr'>τρηχέη.</span> 
     </span>
     <span class='ocr_line' id='line_1_25' title="bbox 159 2050 1780 2123; baseline 0.004 -20"><span class='ocrx_word' id='word_1_201' title='bbox 159 2050 469 2118; x_wconf 80' lang='grc' dir='ltr'>διεξελθόντι</span> <span class='ocrx_word' id='word_1_202' title='bbox 496 2051 552 2103; x_wconf 77' lang='grc' dir='ltr'>δὲ</span> <span class='ocrx_word' id='word_1_203' title='bbox 588 2050 669 2103; x_wconf 83' lang='grc' dir='ltr'>καὶ</span> <span class='ocrx_word' id='word_1_204' title='bbox 695 2052 785 2118; x_wconf 83' lang='grc' dir='ltr'>τῆς</span> <span class='ocrx_word' id='word_1_205' title='bbox 816 2052 1032 2121; x_wconf 86' lang='grc' dir='ltr'>τρηχέης</span> <span class='ocrx_word' id='word_1_206' title='bbox 1067 2058 1237 2123; x_wconf 82' lang='grc' dir='ltr'>χῶρον</span> <span class='ocrx_word' id='word_1_207' title='bbox 1262 2056 1481 2115; x_wconf 86' lang='grc' dir='ltr'>πολλὸν,</span> <span class='ocrx_word' id='word_1_208' title='bbox 1511 2054 1736 2107; x_wconf 77' lang='grc' dir='ltr'>οἰκέουσι</span> <span class='ocrx_word' id='word_1_209' title='bbox 1754 2068 1780 2109; x_wconf 75' lang='lat'>2</span> 
     </span>
     <span class='ocr_line' id='line_1_26' title="bbox 160 2128 1738 2203; baseline 0.001 -21"><span class='ocrx_word' id='word_1_210' title='bbox 160 2129 389 2199; x_wconf 77' lang='grc' dir='ltr'>ὑπώρεαν</span> <span class='ocrx_word' id='word_1_211' title='bbox 449 2129 640 2198; x_wconf 77' lang='grc' dir='ltr'>οὐρέων</span> <span class='ocrx_word' id='word_1_212' title='bbox 699 2129 919 2198; x_wconf 75' lang='grc' dir='ltr'>ὑψηλῶν</span> <span class='ocrx_word' id='word_1_213' title='bbox 971 2129 1228 2201; x_wconf 79' lang='grc' dir='ltr'>ἅνθρωποι</span> <span class='ocrx_word' id='word_1_214' title='bbox 1286 2134 1554 2203; x_wconf 87' lang='grc' dir='ltr'>λεγόμενοι</span> <span class='ocrx_word' id='word_1_215' title='bbox 1613 2128 1738 2184; x_wconf 84' lang='grc' dir='ltr'>εἶναι</span> 
     </span>
     <span class='ocr_line' id='line_1_27' title="bbox 160 2207 1740 2279; baseline 0.001 -18"><span class='ocrx_word' id='word_1_216' title='bbox 160 2208 340 2262; x_wconf 90' lang='grc' dir='ltr'>πάντες</span> <span class='ocrx_word' id='word_1_217' title='bbox 393 2208 671 2277; x_wconf 81' lang='grc' dir='ltr'>φαλακροὶ,</span> <span class='ocrx_word' id='word_1_218' title='bbox 728 2207 782 2258; x_wconf 82' lang='grc' dir='ltr'>ἐκ</span> <span class='ocrx_word' id='word_1_219' title='bbox 832 2208 1009 2277; x_wconf 86' lang='grc' dir='ltr'>γενεῆς</span> <span class='ocrx_word' id='word_1_220' title='bbox 1067 2210 1338 2276; x_wconf 90' lang='grc' dir='ltr'>γινόμενοι,</span> <span class='ocrx_word' id='word_1_221' title='bbox 1395 2211 1477 2262; x_wconf 80' lang='grc' dir='ltr'>καὶ</span> <span class='ocrx_word' id='word_1_222' title='bbox 1536 2210 1740 2279; x_wconf 80' lang='grc' dir='ltr'>ἔρσενες</span> 
     </span>
     <span class='ocr_line' id='line_1_28' title="bbox 164 2284 1741 2358; baseline 0.003 -21"><span class='ocrx_word' id='word_1_223' title='bbox 164 2286 242 2338; x_wconf 83' lang='grc' dir='ltr'>καὶ</span> <span class='ocrx_word' id='word_1_224' title='bbox 303 2284 480 2353; x_wconf 81' lang='grc' dir='ltr'>θήλεαι</span> <span class='ocrx_word' id='word_1_225' title='bbox 526 2286 740 2353; x_wconf 85' lang='grc' dir='ltr'>-όμοίως,</span> <span class='ocrx_word' id='word_1_226' title='bbox 798 2286 880 2337; x_wconf 78' lang='grc' dir='ltr'>καὶ</span> <span class='ocrx_word' id='word_1_227' title='bbox 942 2286 1105 2353; x_wconf 78' lang='grc' dir='ltr'>σιμοὶ,</span> <span class='ocrx_word' id='word_1_228' title='bbox 1168 2286 1251 2338; x_wconf 89' lang='grc' dir='ltr'>καὶ</span> <span class='ocrx_word' id='word_1_229' title='bbox 1308 2285 1475 2358; x_wconf 89' lang='grc' dir='ltr'>γένεια</span> <span class='ocrx_word' id='word_1_230' title='bbox 1535 2288 1741 2355; x_wconf 77' lang='grc' dir='ltr'>ἔχοντες</span> 
     </span>
     <span class='ocr_line' id='line_1_29' title="bbox 163 2362 1743 2434; baseline 0.002 -19"><span class='ocrx_word' id='word_1_231' title='bbox 163 2364 376 2434; x_wconf 88' lang='grc' dir='ltr'>μεγάλα·</span> <span class='ocrx_word' id='word_1_232' title='bbox 433 2362 610 2433; x_wconf 85' lang='grc' dir='ltr'>φωνὴν</span> <span class='ocrx_word' id='word_1_233' title='bbox 651 2364 705 2415; x_wconf 77' lang='grc' dir='ltr'>δὲ</span> <span class='ocrx_word' id='word_1_234' title='bbox 747 2362 877 2429; x_wconf 87' lang='grc' dir='ltr'>ίδίην</span> <span class='ocrx_word' id='word_1_235' title='bbox 917 2363 1090 2417; x_wconf 77' lang='grc' dir='ltr'>ἱέντες·</span> <span class='ocrx_word' id='word_1_236' title='bbox 1148 2363 1327 2431; x_wconf 86' lang='grc' dir='ltr'>ε’σθῆτι</span> <span class='ocrx_word' id='word_1_237' title='bbox 1368 2365 1423 2417; x_wconf 77' lang='grc' dir='ltr'>δὲ</span> <span class='ocrx_word' id='word_1_238' title='bbox 1462 2366 1743 2434; x_wconf 91' lang='grc' dir='ltr'>χρεώμενοι</span> 
     </span>
     <span class='ocr_line' id='line_1_30' title="bbox 167 2440 1789 2511; baseline 0.001 -17"><span class='ocrx_word' id='word_1_239' title='bbox 167 2441 394 2509; x_wconf 80' lang='grc' dir='ltr'>Σκυθικῇ·</span> <span class='ocrx_word' id='word_1_240' title='bbox 439 2442 618 2506; x_wconf 75' lang='grc' dir='ltr'>ζῶντες</span> <span class='ocrx_word' id='word_1_241' title='bbox 646 2442 700 2494; x_wconf 76' lang='grc' dir='ltr'>δὲ</span> <span class='ocrx_word' id='word_1_242' title='bbox 728 2441 827 2493; x_wconf 82' lang='grc' dir='ltr'>ἀπὸ</span> <span class='ocrx_word' id='word_1_243' title='bbox 860 2440 1123 2511; x_wconf 89' lang='grc' dir='ltr'>δενδρέων.</span> <span class='ocrx_word' id='word_1_244' title='bbox 1165 2443 1403 2495; x_wconf 85' lang='grc' dir='ltr'>ποντικὸν</span> <span class='ocrx_word' id='word_1_245' title='bbox 1435 2443 1530 2511; x_wconf 77' lang='grc' dir='ltr'>μὲν</span> <span class='ocrx_word' id='word_1_246' title='bbox 1554 2446 1742 2511; x_wconf 77' lang='grc' dir='ltr'>οὔνομα</span> <span class='ocrx_word' id='word_1_247' title='bbox 1762 2454 1789 2497; x_wconf 71' lang='lat'>⁸</span> 
     </span>
     <span class='ocr_line' id='line_1_31' title="bbox 169 2518 1745 2593; baseline 0.002 -21"><span class='ocrx_word' id='word_1_248' title='bbox 169 2523 236 2593; x_wconf 80' lang='grc' dir='ltr'>τῷ</span> <span class='ocrx_word' id='word_1_249' title='bbox 253 2520 466 2591; x_wconf 79' lang='grc' dir='ltr'>δενδρέῳ</span> <span class='ocrx_word' id='word_1_250' title='bbox 489 2518 574 2572; x_wconf 79' lang='grc' dir='ltr'>ἀπ’</span> <span class='ocrx_word' id='word_1_251' title='bbox 596 2518 657 2571; x_wconf 81' lang='grc' dir='ltr'>οὗ</span> <span class='ocrx_word' id='word_1_252' title='bbox 679 2519 823 2583; x_wconf 76' lang='grc' dir='ltr'>ζῶσι,</span> <span class='ocrx_word' id='word_1_253' title='bbox 846 2518 1068 2590; x_wconf 91' lang='grc' dir='ltr'>μέγαθος</span> <span class='ocrx_word' id='word_1_254' title='bbox 1088 2519 1143 2572; x_wconf 77' lang='grc' dir='ltr'>δὲ</span> <span class='ocrx_word' id='word_1_255' title='bbox 1165 2520 1291 2573; x_wconf 81' lang='grc' dir='ltr'>κατὰ</span> <span class='ocrx_word' id='word_1_256' title='bbox 1311 2520 1497 2588; x_wconf 89' lang='grc' dir='ltr'>συκέην</span> <span class='ocrx_word' id='word_1_257' title='bbox 1514 2523 1745 2590; x_wconf 87' lang='grc' dir='ltr'>μάλιστά</span> 
     </span>
     <span class='ocr_line' id='line_1_32' title="bbox 173 2594 1741 2671; baseline 0.003 -21"><span class='ocrx_word' id='word_1_258' title='bbox 173 2609 248 2665; x_wconf 85' lang='grc' dir='ltr'>κη·</span> <span class='ocrx_word' id='word_1_259' title='bbox 316 2600 508 2669; x_wconf 83' lang='grc' dir='ltr'>καρπὸν</span> <span class='ocrx_word' id='word_1_260' title='bbox 559 2597 615 2651; x_wconf 75' lang='grc' dir='ltr'>δὲ</span> <span class='ocrx_word' id='word_1_261' title='bbox 661 2597 842 2667; x_wconf 88' lang='grc' dir='ltr'>φορέει</span> <span class='ocrx_word' id='word_1_262' title='bbox 883 2598 1056 2671; x_wconf 71' lang='grc' dir='ltr'>κυάμῳ</span> <span class='ocrx_word' id='word_1_263' title='bbox 1096 2594 1234 2661; x_wconf 76' lang='grc' dir='ltr'>ἴσον,</span> <span class='ocrx_word' id='word_1_264' title='bbox 1277 2601 1473 2670; x_wconf 86' lang='grc' dir='ltr'>πυρῆνα</span> <span class='ocrx_word' id='word_1_265' title='bbox 1516 2600 1571 2654; x_wconf 77' lang='grc' dir='ltr'>δὲ</span> <span class='ocrx_word' id='word_1_266' title='bbox 1614 2601 1741 2670; x_wconf 74' lang='grc' dir='ltr'>ἔχει.</span> 
     </span>
    </p>
   </div>
  </div>
 </body>
</html>
