1975 2892
308 104 383 160 98
594 149 639 176 J
882 114 1288 159 ΗΡοΔοΤοΥ

593 182 602 188 ·
1642 176 1718 223 [Α.
1735 175 1786 212 0.
1811 175 1912 214 538.

302 226 523 283 πλίνθου
581 225 806 296 ταρσοὺς
866 226 1107 294 καλάμων
1166 227 1632 291 διαστοιβάζοντες,
1691 228 1921 296 ἔδειμαν

304 312 481 377 πρῶτα
515 304 608 373 μὲν
641 307 732 372 τῆς
768 306 972 373 τάφρου
999 305 1064 356 τὰ
1090 304 1288 373 χείλεα·
1335 303 1545 375 δεύτερα
1571 306 1645 367 δὲ,
1677 306 1817 359 αὐτὸ
1851 309 1915 358 τὸ

263 400 289 438 4
306 388 477 452 τεῖχος
510 385 601 437 τὸν
634 383 789 436 αὐτὸν
822 385 1035 453 τρόπον.
1093 383 1259 435 ἐπάνω
1301 383 1358 436 δὲ
1392 386 1482 435 τοῦ
1517 384 1723 451 τείχεος
1759 386 1918 455 παρὰ

307 464 372 516 τὰ
397 464 611 531 ἔσχατα,
641 459 887 528 οἰκήματα
912 462 1212 527 μουνόκωλα
1249 462 1467 528 ἔδειμαν,
1496 462 1829 532 τετραμμένα
1860 464 1916 516 ἐς

309 540 536 607 ἄλληλα·
582 542 643 593 rb
678 539 840 608 μέσον
876 540 930 591 δὲ
970 543 1072 591 τῶν
1107 538 1391 606 οἶκημάτων
1415 540 1602 593 ἔλιπον
1627 540 1913 613 τεθρίππῳ

267 634 293 674 6
310 620 628 688 περιέλασιν.
684 615 843 671 πύλαι
872 617 927 668 δὲ
955 617 1197 669 ἐνεστᾶσι
1233 617 1385 687 πέριξ
1420 620 1512 669 τοῦ
1549 617 1757 685 τείχεος
1785 621 1912 671 ἑκα-

312 700 417 758 τὸν,
436 699 651 766 χάλκεαι
677 698 857 749 πᾶσαι·
896 695 977 747 καὶ
1006 694 1229 760 σταθμοί
1255 718 1311 748 τε
1339 696 1420 747 καὶ
1440 695 1702 765 ὑπέρθυρα
1724 694 1912 749 ὦσαῦ-

269 789 294 829 6
314 797 430 830 τως.
486 776 602 828 ἔστι
628 774 683 826 δὲ
711 774 846 840 άλλη
873 776 1026 826 πόλις
1061 773 1330 841 ἀπέχουσα
1365 773 1495 826 ὀκτὼ
1521 772 1754 843 ἡμερέων
1783 776 1914 828 ὁδὸν

314 854 414 907 άπὸ
451 854 775 916 Βαβυλῶνος“
812 848 893 905 Ἲς
933 854 1123 916 οὕνομα
1161 852 1304 919 αὐτῇ.
1361 851 1480 904 ἔνθα
1516 852 1631 904 ἐστὶ
1665 855 1914 920 ποταμὸς

315 931 377 983 οὗ
403 930 577 1000 μέγας·
607 926 688 983 Ἲς
724 930 805 981 καὶ
840 933 911 1001 τῷ
946 933 1158 1001 ποταμῷ
1192 932 1251 981 τὸ
1291 932 1498 996 οὔνομα·
1544 930 1810 994 ἐσβάλλει
1851 931 1912 983 δὲ

272 1020 296 1064 Ἰ
316 1008 464 1063 οὗτος
493 1008 543 1062 ές
576 1010 665 1061 τὸν
692 1005 969 1077 Εὐφρήτην
1002 1008 1230 1074 ποταμὸν
1264 1009 1323 1060 τὸ
1359 1006 1585 1078 ῥέεθρον.
1643 1006 1801 1063 οὗτος
1839 1008 1912 1061 ὦν

316 1084 439 1140 όἺς
463 1087 708 1153 ποταμὸς,
737 1086 839 1152 ἅμα
873 1088 945 1157 τῷ
979 1082 1126 1137 ὕδατι
1163 1084 1421 1155 θρόμβους
1455 1086 1741 1154 ἀσφάλτου
1777 1087 1908 1139 α’να-

318 1166 453 1218 διδοῖ
488 1162 735 1218 πολλούς·
786 1161 928 1215 ἔνθεν
967 1162 998 1230 ἦ
1039 1162 1314 1232 ἄσφαλτος
1355 1164 1406 1218 ἐς
1446 1165 1503 1216 τὸ
1545 1164 1598 1216 ἐν
1625 1167 1910 1227 Βαβυλῶνι

191 1242 300 1297 180
318 1246 489 1311 τεῖχος
517 1241 783 1310 ἐκομίσθη.
828 1266 841 1279 ·
1024 1241 1323 1310 Τετείχιστο
1355 1241 1448 1309 μέν
1474 1263 1560 1294 νυν
1585 1240 1615 1307 ἡ
1643 1244 1910 1305 Βαβυλὼν

319 1324 492 1393 τρόπῳ
520 1321 713 1392 τοιῷδε.
769 1320 883 1372 ἔστι
911 1319 967 1373 δὲ
996 1316 1086 1372 δύο
1113 1321 1326 1389 φάρσεα
1350 1322 1439 1387 τῆς
1463 1322 1663 1374 πόλιος·
1709 1322 1772 1373 rb
1798 1322 1909 1390 γὰρ

319 1401 483 1469 μέσον
508 1399 660 1466 αὐτῆς
699 1398 925 1464 ποταμὸς
966 1397 1172 1468 διέργει,
1201 1402 1273 1469 τῷ
1313 1399 1502 1465 οὔνομά
1543 1398 1656 1450 ἐστι
1682 1398 1907 1468 Εὐφρή-

278 1496 302 1533 2
322 1501 429 1545 της.
483 1476 587 1549 ῥέει
630 1477 685 1529 δὲ
726 1476 783 1541 ἐξ
817 1475 1107 1545 Ἀρμενίων,
1140 1476 1234 1528 ἐὼν
1271 1475 1448 1545 μέγας,
1485 1477 1568 1529 καὶ
1604 1476 1787 1540 βαθὺς,
1817 1480 1909 1531 καὶ

278 1572 302 1613 8
322 1553 498 1625 ταχύς·
544 1554 667 1621 ἐξίει
708 1555 763 1607 δὲ
803 1552 952 1607 οὗτος
993 1554 1046 1609 ἐς
1084 1554 1175 1621 τὴν
1204 1552 1455 1623 Ἐρυθρὴν
1494 1552 1789 1607 θάλασσαν.
1841 1558 1906 1609 τὸ

324 1633 394 1687 ὧν
433 1633 494 1701 δὴ
533 1636 703 1702 τεῖχος
742 1632 977 1702 ἑκάτερον
1015 1630 1135 1686 τοὺς
1173 1631 1398 1701 ἀγκῶνας
1444 1632 1496 1686 ἐς
1540 1634 1629 1685 τὸν
1672 1635 1908 1699 ποταμὸν

326 1711 593 1779 ε’λῆλαται.
649 1713 710 1764 rb
737 1710 919 1763 δέ-άπὸ
945 1708 1148 1770 τούτου,
1179 1711 1230 1763 αἶ
1258 1710 1532 1775 ἐπικαμπαὶ
1557 1711 1693 1780 παρὰ
1719 1714 1906 1779 χεῖλος
1967 1740 1969 1743 ⁴

326 1791 563 1859 ἑκάτερον
597 1793 688 1842 τοῦ
722 1792 969 1856 ποταμοῦ,
1000 1788 1210 1855 αἱμασιὴ
1245 1787 1474 1841 πλίνθων
1507 1788 1703 1841 ὀπτέων
1732 1810 1904 1858 παρα-

282 1866 495 1919 ιτείνει.
550 1868 609 1919 τὸ
638 1867 692 1919 δὲ
719 1866 851 1919 ὅστυ
879 1866 1020 1931 αὐτὸ,
1052 1866 1134 1919 ἐὸν
1160 1868 1353 1936 πλῆρες
1389 1866 1584 1918 οἰκιέων
1609 1870 1907 1938 τριορόφων

327 1965 385 1996 τε
411 1943 492 1995 καὶ
518 1946 874 2014 τετρωρόφων,
906 1944 1268 2013 κατατέτμηται
1305 1945 1394 1999 τὰς
1430 1944 1580 1999 ὁδοὺς
1607 1944 1782 2006 ἰθείας,
1811 1949 1907 2001 τάς
1966 2008 1967 2013 ¹

328 2043 384 2074 τε
410 2020 591 2080 ἄλλας,
612 2023 692 2075 καὶ
717 2024 807 2076 τὰς
835 2022 1132 2092 ἐπικαρσίας
1157 2024 1247 2077 τὰς
1274 2023 1358 2075 ἐπὶ
1383 2024 1472 2076 τὸν
1494 2025 1722 2089 ποταμὸν
1750 2023 1904 2093 ἐχοῦ-
1965 2016 1968 2079 Ι

283 2116 307 2156 3
330 2121 445 2155 σας.
504 2100 628 2152 κατὰ
656 2100 715 2167 δὴ
747 2099 816 2152 ὧν
842 2100 1062 2168 ἑκάστην
1088 2102 1208 2153 ὁδὸν
1233 2100 1287 2153 ἐν
1321 2106 1384 2168 τῇ
1417 2102 1635 2168 αἱμασιῇ
1667 2102 1730 2169 τῇ
1765 2105 1910 2173 παρὰ

327 2181 418 2232 τὸν
442 2180 671 2246 ποταμὸν
703 2178 915 2233 πυλίδες
951 2178 1166 2245 ἐπῆσαν,
1196 2177 1316 2231 ὅσαι
1355 2200 1452 2249 περ
1491 2180 1544 2231 αἱ
1582 2181 1785 2249 λαῦραι,
1815 2203 1907 2233 το-

329 2260 513 2311 σαῦται
540 2256 772 2327 ἀριθμόν.
828 2254 962 2321 ἦσαν
995 2257 1050 2308 δὲ
1087 2256 1168 2308 καὶ
1203 2255 1348 2309 αὗται
1382 2257 1616 2325 χάλκεαι,
1647 2258 1908 2327 φέρουσαι

191 2332 303 2386 ‘181
330 2336 411 2387 καὶ
450 2335 596 2387 αὐταὶ
636 2334 688 2388 ἐς
726 2333 879 2386 αὐτὸν
913 2334 1005 2386 τὸν
1038 2337 1285 2399 ποταμόν.
1525 2338 1688 2388 Τοῦτο
1721 2338 1819 2403 μὲν
1845 2339 1906 2405 δὴ

328 2412 388 2461 rb
413 2414 584 2478 τεῖχος
612 2411 782 2479 θώρηξ
809 2410 941 2463 ἐστί.
989 2410 1163 2481 ἕτερον
1189 2412 1244 2464 δέ
1271 2412 1467 2465 ἔσωθεν
1491 2416 1663 2483 τεῖχος
1686 2415 1905 2484 περιθεῖ,

260 2484 267 2491 ’
325 2484 389 2535 οὗ
415 2489 599 2559 πολλῷ
624 2488 720 2558 τέῳ
748 2487 1122 2558 ἀσθενέστερον
1147 2493 1239 2541 τοῦ
1267 2490 1441 2559 ἐτέρου
1467 2490 1684 2560 τείχεος,
1705 2498 1908 2547 στεινό-

282 2566 308 2605 2
329 2580 476 2628 τερον
502 2563 576 2616 δέ.
624 2563 715 2616 Ἐν
740 2564 795 2616 δὲ
822 2566 1022 2634 φάρσεϊ
1045 2567 1265 2639 ἑκατέρῳ
1291 2570 1382 2635 τῆς
1405 2571 1591 2624 πόλιος
1615 2570 1909 2641 τετείχιστο
