1975 2892
61 206 130 246 0¹
167 207 222 246 68
258 205 320 252 Β]
395 139 1107 187 MEAIIOMENH.--1V.
1145 133 1376 195 184-189.
1566 129 1673 180 391

69 280 258 327 μενοι,
301 259 420 312 οὐδὲ
461 259 586 311 κατὰ
631 260 694 311 τὰ
737 259 914 312 παιδία
958 260 1219 313 ποιεῦντες
1264 255 1374 312 οἷόν
1414 280 1465 313 τι
1511 261 1594 314 καὶ
1632 262 1684 313 01

73 338 312 403 νομάδες
341 336 532 391 ε’ώθασι
557 338 764 390 ποιέειν.
806 339 855 391 οἱ
880 338 982 409 γὰρ
1009 337 1071 404 δὴ
1097 343 1198 389 τῶν
1221 335 1423 400 Λιβῦων
1450 340 1679 406 νομάδες,
1700 356 1725 396 2

75 415 132 466 εἶ
161 417 260 482 μὲν
302 416 505 474 πάντες,
535 415 628 468 οὐκ
666 416 770 483 ἔχω
803 416 1049 486 ἀτρεκέως
1084 419 1237 468 τοῦτο
1277 411 1430 469 εἶπαι·
1474 421 1681 472 ποιεῦσι

77 494 144 546 δὲ
194 493 367 546 αὐτῶν
407 494 594 565 α’,υχνοὶ
631 494 818 547 τοιάδε·
863 498 963 546 τῶν
1000 494 1215 546 παιδίων
1249 498 1351 546 τῶν
1390 495 1677 565 σφετέρων,

79 571 249 623 ἐπεὰν
284 572 554 641 τετραέτεα
587 571 807 641 γένηται,
837 569 997 639 οἴσπῃ
1033 573 1309 641 προβάτων
1348 573 1554 626 καίουσι
1588 574 1679 629 τὰς

82 649 146 702 ἐν
173 653 302 717 τῇσι
328 651 590 718 κορυφῇσι
611 649 834 718 φλέβας·
879 650 1197 719 μετεξέτεροι
1214 650 1269 703 δὲ
1298 650 1477 716 αὐτῶν,
1508 651 1599 706 τὰς
1626 652 1681 705 ἐν

79 729 234 780 τοῖσι
276 729 609 797 κροτάφοισι·
651 728 801 780 τοῦδε
839 725 1019 789 εἵνεκα,
1064 728 1133 782 ὧς
1170 727 1239 796 μή
1282 729 1452 797 σφεας
1493 729 1544 783 ἐς
1590 731 1680 782 τὸν

79 808 258 859 πάντα
285 809 474 876 χρόνον
515 805 786 875 καταρρέον
812 805 1026 876 φλέγμα
1064 806 1120 858 ἐκ
1146 808 1235 873 τῆς
1262 809 1492 876 κεφαλῆς
1518 807 1675 874 δηλῆ-

81 905 193 937 ται.
253 886 337 938 καὶ
369 885 454 936 διὰ
486 887 636 936 τοῦτό
671 886 841 951 σφεας
880 886 1098 955 λέγουσι
1131 878 1258 936 εἶναι
1295 885 1673 955 ὑγιηροτάτους.
1694 901 1719 941 8

85 962 200 1015 εἶσὶ
225 964 328 1032 γὰρ
357 962 425 1016 ὧς
451 962 680 1028 ἀληθέως
705 964 755 1014 οἱ
782 962 970 1026 Λίβυες
996 962 1275 1032 ἀνθρώπων
1301 965 1504 1016 πάντων
1529 963 1675 1034 ὑγιη-

84 1043 320 1112 ρότατοι,
350 1045 452 1093 τῶν
493 1039 634 1107 ἡμεῖς
674 1037 833 1108 ἴδμεν·
879 1040 926 1093 εἷ
966 1041 1061 1108 μὲν
1102 1041 1186 1092 διὰ
1228 1044 1399 1100 τοῦτο,
1438 1041 1529 1093 οὐκ
1572 1043 1677 1111 ἔχω

87 1119 342 1188 ἀτρεκέως
369 1113 520 1177 εἶπαι,
546 1119 868 1189 ὑγιηρότατοι
895 1117 939 1171 δ’
963 1118 1034 1171 ὧν
1058 1116 1181 1171 εἶσί.
1226 1117 1287 1187 ἢν
1314 1120 1369 1172 δὲ
1390 1120 1593 1173 καίουσι
1611 1121 1677 1174 τὰ
1694 1134 1721 1175 4

87 1197 270 1251 παιδία
292 1198 534 1264 σπασμὸς
560 1197 863 1267 ἐπιγένηται,
887 1195 1152 1267 ἐξεύρηταί
1180 1198 1283 1266 σφι
1303 1197 1440 1253 ἄκος·
1484 1200 1676 1270 τράγου

90 1273 247 1345 οὖρον
291 1276 597 1329 σπείσαντες
636 1274 845 1347 ῥύονταί
887 1277 1049 1344 σφεα.
1092 1277 1229 1346 λέγω
1266 1277 1322 1329 δὲ
1358 1278 1422 1328 τὰ
1457 1278 1675 1344 λέγουσι

91 1353 239 1406 αὐτοὶ
265 1355 471 1418 Λίβυες.
714 1355 902 1407 Θυσίαι
939 1355 995 1406 δὲ
1023 1357 1162 1408 τοῖσι
1198 1355 1385 1421 νομάσι
1413 1353 1517 1406 εἶσὶ
1543 1351 1669 1406 αἵδε.
1700 1355 1811 1408 188

95 1432 248 1484 ἐπεὰν
274 1437 364 1484 τοῦ
393 1433 521 1487 ὦτὸς
546 1432 870 1501 ἀπάρξωνται
895 1435 988 1483 τοῦ
1017 1430 1235 1498 κτήνεος,
1258 1429 1526 1501 ῥιπτέουσι
1547 1432 1673 1503 ὑπὲρ

95 1512 185 1563 τὸν
237 1511 411 1577 δόμον·
480 1514 632 1563 τοῦτο
673 1511 728 1562 δὲ
768 1507 1092 1576 ποιήσαντες,
1136 1509 1533 1578 ἀποστρέφουσι
1584 1512 1673 1562 τὸν

98 1589 284 1656 αὐχένα
327 1590 499 1642 αὐτοῦ.
544 1586 728 1642 θύουσι
773 1589 830 1640 δὲ
876 1587 1007 1660 ἡλίῳ
1054 1589 1135 1640 καὶ
1181 1586 1373 1654 σελήνῃ
1414 1586 1670 1655 μούνοισι.

98 1666 324 1718 τούτοισι
359 1668 452 1735 μέν
487 1688 576 1720 νυν
609 1669 793 1722 πάντες
828 1666 1017 1730 Λίβυες
1053 1664 1255 1718 θύουσι·
1305 1665 1433 1735 ἀτὰρ
1468 1667 1519 1718 οἱ
1553 1667 1672 1737 περὶ

99 1746 190 1812 τὴν
223 1746 496 1815 Τριτωνίδα
531 1745 716 1813 λίμνην
750 1746 1001 1812 νέμοντες,
1040 1749 1102 1812 τῇ
1139 1742 1377 1811 Ἀθηναίῃ
1419 1747 1667 1811 μάλιστα,

101 1825 224 1891 μετὰ
250 1825 320 1884 δὲ,
349 1828 422 1896 τῷ
448 1825 660 1893 Τρίτωνι
689 1824 770 1875 καὶ
806 1828 877 1896 τῷ
916 1820 1249 1875 Ποσειδέωνι.
1487 1822 1588 1890 Τὴν
1614 1823 1670 1875 δὲ
1702 1823 1812 1878 189

102 1902 196 1971 ἄρα
216 1903 268 1954 ἐο
279 1902 402 1968 θῆτα
422 1904 503 1955 καὶ
523 1904 614 1957 τὰς
633 1902 830 1970 αἰγίδας
845 1906 950 1954 τῶν
969 1902 1277 1971 ἀγαλμάτων
1294 1902 1383 1968 τῆς
1408 1899 1671 1967 Ἀθηναίης

105 1981 159 2032 ἐκ
184 1986 279 2033 τῶν
304 1981 613 2044 Λιβυσσέων
640 1980 948 2047 ε’ποιήσαντο
967 1981 1018 2031 οἱ
1036 1978 1307 2044 Ἕλληνες.
1350 1980 1487 2047 πλὴν
1511 1980 1612 2050 γὰρ
1638 1977 1669 2048 ἢ
1694 1993 1720 2032 2

107 2059 181 2110 ὅτι
203 2061 402 2125 σκυτίνη
430 2058 460 2125 ἡ
489 2059 646 2128 ἐσθὴς
667 2065 767 2111 τῶν
794 2059 1103 2122 Λιβυσσέων
1124 2058 1255 2117 ἐστὶ,
1280 2059 1361 2110 καὶ
1379 2059 1429 2111 οἱ
1457 2057 1670 2111 θύσανοι

108 2139 154 2189 οἱ
181 2137 231 2188 ἐκ
250 2143 344 2189 τῶν
363 2137 571 2208 αἰγίδων
597 2137 781 2204 αὐτῇσι
809 2137 900 2188 οὐκ
920 2135 1070 2205 ὅφιές
1095 2135 1215 2194 εἶσι,
1236 2136 1375 2188 ἀλλὰ
1403 2137 1664 2203 ἱμάντινοι·

109 2217 168 2268 τὰ
193 2217 243 2268 δὲ
269 2217 402 2267 ἄλλα
426 2217 592 2268 πάντα
619 2217 744 2268 κατὰ
780 2214 941 2274 τώυτὸ
979 2215 1243 2266 ἔσταλται.
1290 2213 1370 2265 καὶ
1406 2214 1467 2281 δὴ
1504 2215 1585 2266 καὶ
1611 2214 1670 2266 τὸ
1694 2225 1719 2266 ⁸

111 2298 284 2361 οὕνομα
318 2297 626 2365 κατηγορέει,
673 2294 753 2346 ὅτι
800 2293 854 2345 ἐκ
899 2292 1091 2358 Λιβύης
1132 2291 1240 2358 ἥκει
1282 2289 1312 2358 ἦ
1358 2291 1524 2358 στολὴ
1570 2297 1671 2344 τῶν

113 2374 421 2426 Παλλαδίων·
493 2373 666 2444 αἰγέας
715 2373 817 2442 γὰρ
868 2372 1274 2441 περιβάλλονται
1324 2370 1493 2440 ψιλὰς
1551 2369 1669 2439 περὶ

112 2452 196 2519 τὴν
229 2453 412 2518 ἐσθῆτα
448 2450 745 2504 θυσανωτὰς
781 2451 832 2502 αἶ
869 2451 1154 2512 Λίβυσσαι,
1185 2446 1480 2517 κεχριμένας
1524 2448 1663 2517 ἐρευ-

117 2531 304 2602 θεδάνῳ·
349 2531 403 2582 ἐκ
431 2530 486 2583 δὲ
513 2535 614 2582 τῶν
649 2528 832 2600 αἰγέων
858 2527 1078 2581 τουτέων
1104 2527 1302 2597 αἰγίδας
1338 2527 1387 2578 οἱ
1414 2524 1668 2592 Ἕλληνες

114 2611 474 2678 μετωνόμασαν.
560 2608 736 2661 Δοκέει
781 2607 824 2661 δ’
875 2607 990 2675 ε’μοί
1039 2628 1101 2677 γε
1148 2605 1229 2657 καὶ
1270 2603 1299 2671 ἦ
1342 2604 1573 2676 ὀλολυγὴ
1616 2604 1670 2657 έν
1688 2613 1714 2654 4
