1975 2892
411 93 747 138 ΜΕΛΠΟΜ
763 92 859 137 ΕΝ
875 92 1113 136 H.—1v.
1157 102 1385 148 103-110.
1572 85 1687 144 355,

87 159 160 196 01.
178 159 238 198 66.
264 157 398 196 2—68.
417 158 472 204 2]

57 203 88 230 κ
108 210 601 282 ἧνθρωποφαγέουσι
621 209 676 262 δέ
703 212 880 277 μοῦνοι
901 207 1114 262 τούτων.
1340 209 1679 279 Μελάγχλαι·
1708 211 1820 270 107

63 273 177 360 ,τ’,ιοι
207 291 263 342 δὲ
301 286 476 355 εἵματα
511 289 604 355 μὲν
636 288 828 355 μέλανα
865 287 1123 356 φορέουσι
1156 288 1356 346 πάντες,
1387 285 1467 340 ἐπ’
1497 287 1566 340 ὧν
1602 289 1685 340 καὶ

96 370 192 422 τὰς
247 365 528 433 ἐπωνυμίας
580 367 780 433 ἔχουσι·
850 368 1053 432 νόμοισι
1106 365 1163 418 δὲ
1216 363 1507 418 Σκυθικοῖσι
1557 364 1687 434 χρέα

100 467 274 498 ωνται.
518 444 749 496 Βουδῖνοι
786 443 860 502 δὲ,
890 443 1035 496 ἔθνος
1072 443 1154 495 ε’ὸν
1188 443 1319 512 μέγα
1355 445 1435 495 καὶ
1461 445 1682 502 πολλὸν,
1710 444 1823 497 108

97 526 328 593 γλαυκόν
365 543 423 575 τε
447 525 549 574 πᾶν
585 520 812 590 ἰσχυρῶς
849 522 963 574 ἐστὶ
1000 521 1080 572 καὶ
1114 524 1324 591 πυρρόν.
1369 523 1522 574 πόλις
1548 521 1604 573 δὲ
1630 520 1685 572 ἐν
1704 535 1731 576 z

99 602 307 654 αὐτοῖσι
345 603 658 655 πεπόλισται
700 598 898 665 ξυλίνη,
941 600 1131 665 οὕνομα
1182 599 1239 652 δὲ
1280 602 1339 666 τῇ
1392 601 1517 652 πόλι
1572 598 1687 654 ἐστὶ
1720 647 1726 652 .

101 680 351 732 Γελωνός·
396 681 487 730 τοῦ
515 679 569 730 δέ
597 677 795 744 τείχεος
829 675 1051 746 μέγαθος
1086 679 1253 729 κῶλον
1281 676 1516 738 ἕκαστον,
1545 674 1685 747 τριή-

102 778 258 810 κοντα
294 756 516 809 σταδίων
553 755 686 814 ἐστὶ,
725 755 934 824 ὑψηλὸν
970 755 1045 815 δὲ,
1084 754 1166 807 καὶ
1199 757 1301 807 πᾶν
1336 753 1561 822 ξύλινον·
1607 755 1689 806 καὶ

101 835 258 892 οἰκίαι
293 835 456 886 αὐτῶν
491 831 708 899 ξύλιναι,
747 833 828 884 καὶ
862 833 926 884 τὸ
964 834 1065 902 ίρά.
1110 833 1224 884 ἔστι
1261 833 1361 903 γὰρ
1408 833 1469 899 δὴ
1512 831 1730 887 αὖτόθι8

100 912 422 979 Ἑλληνικῶν
443 911 570 964 θεῶν
597 911 698 979 ἱρὰ,
719 908 1031 976 Ἑλληνικῶς
1058 910 1499 979 κατεσκευασμένα
1524 911 1687 981 ἀγάλ-

101 989 238 1058 μασί
262 1012 319 1042 τε
346 991 428 1042 καὶ
461 992 688 1053 βωμοῖσι
717 989 797 1040 καὶ
833 990 1003 1055 νηοῖσι
1038 988 1314 1054 ξυλίνοισι.
1359 989 1438 1041 καὶ
1466 991 1538 1060 τῷ
1567 997 1685 1040 Διο-
1703 999 1730 1039 4

104 1066 248 1139 νῦσῳ
276 1067 587 1138 τριετηρίδας
613 1066 878 1137 ἀνάγουσι,
908 1066 988 1118 καὶ
1024 1065 1359 1134 βακχεύουσι.
1443 1066 1565 1120 Εἰσὶ
1588 1067 1690 1137 γὰρ

104 1148 157 1200 οἱ
201 1147 422 1199 Γελωνοὶ
456 1146 516 1199 τὸ
550 1145 762 1215 ἀρχαῖον
792 1143 1063 1210 Ἕλληνες·
1108 1145 1164 1196 ἐκ
1198 1150 1299 1198 τῶν
1341 1145 1396 1198 δὲ
1439 1145 1692 1214 ἐμπορίων

109 1224 492 1290 ἐξαναστάντες,
521 1221 732 1289 οἴκησαν
758 1224 813 1276 ἐν
839 1225 977 1298 τοῖσι
1006 1223 1313 1276 Βουδίνοισι·
1359 1224 1441 1276 καὶ
1465 1225 1689 1295 γλώσσῃ

106 1303 172 1354 τὰ
197 1302 291 1369 μὲν
317 1301 546 1369 Σκυθικῇ,
575 1302 638 1352 τὰ
673 1301 728 1354 δὲ
753 1300 1027 1368 Ἑλληνικῇ
1052 1301 1319 1371 χρέωνται.
1562 1309 1687 1352 Βου-
1714 1302 1825 1357 109

111 1381 240 1433 δῖνοι
269 1381 324 1432 δὲ
344 1380 404 1430 οὗ
425 1383 487 1447 τῇ
515 1380 638 1446 αὐτῇ
665 1381 889 1449 γλώσσῃ
917 1379 1166 1447 χρέωνται
1189 1380 1269 1430 καὶ
1297 1379 1535 1431 Γελωνοί·
1570 1376 1690 1430 ἀλλ’

111 1459 231 1510 οὐδὲ
267 1457 432 1511 δίαιτα
467 1456 496 1524 ἦ
524 1455 668 1524 αὐτή.
713 1458 762 1508 οἱ
795 1457 888 1523 μὲν
922 1457 1023 1525 γὰρ
1060 1457 1307 1515 Βουδῖνοι,
1340 1456 1505 1511 ἐόντες
1538 1456 1687 1508 αὐτό·
1708 1470 1733 1510 2

111 1536 312 1605 χθονες,
337 1536 548 1603 νομάδες
572 1535 630 1586 τέ
655 1534 776 1592 εἶσι,
799 1535 882 1586 καὶ
901 1533 1364 1604 φθειροτραγέουσι
1390 1538 1566 1602 μοῦνοι
1593 1539 1692 1586 τῶν

111 1612 289 1681 ταύτῃ·
333 1615 554 1666 Γελωνοὶ
591 1613 664 1673 δέ,
693 1614 787 1682 γῆς
822 1633 874 1664 τε
911 1612 1135 1682 ἐργάται,
1165 1613 1247 1663 καὶ
1282 1614 1580 1683 σιτοφάγοι,
1611 1612 1693 1664 καὶ

115 1691 304 1756 κήπους
325 1691 598 1758 ἐκτημένοι,
623 1691 769 1743 οὐδὲν
788 1690 878 1757 τὴν
899 1689 1037 1755 ἶδέην
1063 1691 1247 1756 ὁμοῖοι,
1266 1690 1384 1742 οὐδὲ
1403 1693 1463 1742 τὸ
1488 1695 1688 1759 χρῶμα.

117 1771 214 1824 ὑπὸ
240 1770 410 1837 μέντοι
429 1767 694 1835 Ἑλλήνων
714 1767 978 1821 καλέονται
1001 1767 1081 1819 καὶ
1102 1769 1151 1818 οἱ
1179 1768 1427 1829 Βουδῖνοι,
1451 1769 1688 1827 Γελωνοὶ,
1711 1781 1737 1822 ⁸

117 1849 208 1900 οὐκ
233 1847 397 1917 ὀρθῶς
424 1849 737 1914 καλεόμενοι.
819 1844 887 1897 ‘H
915 1845 971 1898 δὲ
1008 1847 1150 1914 χώρη
1180 1845 1378 1914 σφέων,
1406 1847 1551 1900 πᾶσά
1578 1846 1689 1898 ἐστι
1711 1859 1738 1899 4

117 1925 275 1992 δασέη
312 1923 455 1992 ἴδῃσι
489 1925 779 1991 παντοίῃσι·
826 1925 880 1976 ἐν
915 1924 970 1977 δέ
1007 1925 1069 1991 τῇ
1103 1922 1186 1991 ’ίδῃ
1222 1925 1283 1990 τῇ
1317 1924 1541 1992 πλείστῃ
1577 1925 1693 1978 ἐστὶ

115 2005 266 2070 λίμνη
293 2005 490 2073 μεγάλη
529 2024 583 2055 τε
610 2005 690 2055 καὶ
724 2001 916 2070 πολλὴ,
948 2004 1029 2054 καὶ
1065 2002 1190 2056 ἕλος
1218 2002 1299 2054 καὶ
1326 2005 1552 2070 κάλαμος
1576 2003 1693 2073 περὶ

120 2079 288 2162 αὗτῇν·
333 2081 388 2133 ἐν
417 2081 472 2134 δὲ
509 2079 662 2148 ταύτῃ
705 2079 924 2150 ἐνύδριες
960 2081 1276 2143 ἁλίσκονται,
1308 2082 1389 2133 καὶ
1426 2082 1688 2151 κάστορες,
1712 2094 1737 2132 5

121 2160 201 2212 καὶ
221 2159 357 2211 ἄλλα
379 2159 526 2228 θηρία
547 2160 1106 2229 τετραγωνοπρόσωπα,
1129 2163 1229 2209 τῶν
1248 2159 1311 2210 τὰ
1338 2158 1557 2227 δέρματα
1577 2159 1693 2227 περὶ

121 2239 210 2292 τὰς
237 2236 483 2307 σισύρνας
509 2238 938 2306 παραρράπτεται·
985 2235 1067 2287 καὶ
1086 2236 1136 2286 οἱ
1162 2234 1334 2305 ὄρχιες
1360 2235 1563 2288 αὐτοῖσί
1588 2235 1693 2288 εἶσι

120 2313 366 2386 χρήσιμοι
393 2315 444 2368 ἐς
471 2314 724 2384 ὑστερέων
749 2313 944 2366 ἄκεσιν.

197 2394 556 2463 Σαυροματέων
607 2395 663 2448 δὲ
715 2391 832 2462 πέρι
885 2391 983 2444 ὧδε
1034 2389 1255 2460 λέγεται.
1330 2391 1454 2447 ‘Ore
1496 2393 1690 2463 Ἕλλη·
1716 2393 1828 2447 110

125 2493 203 2526 νες
235 2469 482 2534 Ἀμαζόσι
525 2469 858 2536 ἐμαχέσαντο,
891 2466 1006 2532 (τὰς
1046 2467 1102 2518 δὲ
1137 2467 1413 2533 Ἀμαζόνας
1452 2466 1690 2519 καλέουσι

125 2551 174 2602 οἱ
201 2546 380 2602 Σκύθαι
411 2547 684 2617 Οἰόρπατα·
732 2543 935 2599 δύναται
972 2544 1027 2598 δὲ
1064 2547 1124 2596 τὸ
1160 2547 1349 2614 οὕνομα
1382 2549 1532 2600 τοῦτο
1568 2547 1695 2613 κατὰ
