1975 2892
625 72 1003 119 Runa—1.
1032 72 1206 133 (ιε-γι.
1604 82 1685 144 37

110 136 178 176 01.
199 137 263 176 ⁵5.
280 133 418 175 1-58,
438 135 497 183 8.]
1218 169 1223 172 .

101 205 485 272 Λακεδαιμόνιοι
522 203 578 259 ἔς
617 203 816 274 Σάρδις,
857 207 1060 276 χρυσὸν
1100 205 1331 266 ὦνέοντο,
1374 205 1429 262 ἔς
1473 206 1681 279 ἄγαλμα

99 285 412 348 βουλόμενοι
436 281 735 352 χρήσασθαι
771 281 952 355 τούτῳ,
982 285 1042 336 τὸ
1079 287 1167 336 νῦν
1192 286 1279 351 τῆς
1306 289 1592 354 Λακωνικῆς
1624 286 1680 338 ἐν

101 363 324 430 Θόρνακι
359 358 554 430 ἵδρυται
579 361 929 416 Ἀπόλλωνος·
975 365 1200 432 Κροῖσος
1236 363 1295 416 δέ
1329 365 1433 432 σφι
1462 365 1675 431 ὠνεομέ-

100 460 240 492 νοισι
257 439 414 491 ἔδωκε
427 440 652 504 δωτίνην.
787 437 990 492 Τούτων
1006 461 1062 492 τε
1084 439 1152 491 ὧν
1168 437 1349 492 εἵνεκεν
1370 443 1418 492 οἱ
1436 443 1676 494 Λακεδαι-
1695 439 1769 500 70

95 520 267 585 μόνιοι
294 517 385 584 τὴν
406 517 699 586 συμμαχίην
717 517 972 584 ἐδέξαντο,
994 517 1075 569 καὶ
1102 517 1181 569 ὅτι
1206 517 1263 570 ἐκ
1289 519 1491 572 πάντων
1513 521 1682 588 σφέας

96 595 378 666 προκρίνας
411 594 696 662 Ἑλλήνων,
739 596 934 666 αἱρέετο
975 595 1185 665 φίλους.
1257 596 1339 648 καὶ
1378 601 1529 649 τοῦτο
1568 597 1717 665 pem

97 675 247 727 αὐτοὶ
273 671 408 740 ἦσαν
434 674 624 740 ἑτοῖμοι
651 673 1029 744 ἐπαγγείλαντι·
1064 677 1215 726 τοῦτο
1246 675 1317 738 δὲ,
1348 677 1681 742 ποιησάμενοι

99 754 327 822 κρητῆρα
357 753 597 819 χάλκεον,
629 753 819 816 ζωδίων
844 773 900 803 τε
926 751 1115 817 ἔξωθεν
1140 750 1433 819 πλήσαντες
1468 753 1585 823 περὶ
1622 746 1711 806 τὸΔ

98 833 302 899 χεῖλος,
355 830 436 882 καὶ
480 830 693 897 μεγάθεΐ
735 831 1060 900 τριηκοσίους
1106 830 1369 900 ἀμφορέας
1421 832 1683 901 χωρέοντα

98 906 249 978 ἦγον,
294 908 458 978 δῶρον
495 910 810 975 βουλόμενοι
850 909 1136 961 ἀντιδοῦναι
1176 909 1405 982 Κροίσῳ.
1463 909 1612 963 οὗτος
1652 913 1718 962 63

99 986 295 1058 κρητὴρ
322 987 412 1038 οὐκ
439 986 645 1038 ἀπίκετο
673 986 726 1040 ἐς
753 987 951 1056 Σάρδις,
977 985 1039 1037 δι’
1062 985 1224 1040 αἰτίας
1252 987 1499 1056 διφασίας
1524 990 1680 1057 λεγο-

100 1066 256 1119 μένας
283 1065 463 1117 τάσδε·
509 1065 556 1114 οἱ
585 1064 679 1131 μὲν
706 1065 1085 1131 Λακεδαιμόνιοι
1119 1063 1355 1134 λέγουσι,
1385 1066 1453 1120 ὣς
1487 1065 1601 1118 ε’πεί
1626 1086 1684 1117 τε

99 1144 354 1213 ἀγόμενος
397 1141 452 1196 ε’ς
497 1142 588 1196 τὰς
632 1143 814 1213 Σάρδις
859 1145 888 1196 ὅ
936 1141 1123 1212 κρητὴρ
1169 1141 1367 1213 ε’γίνετο
1413 1144 1540 1195 κατὰ
1592 1143 1684 1210 τὴν

101 1220 315 1287 Σαμίην,
352 1219 627 1287 πυθόμενοι
662 1221 840 1288 Σάμιοι
878 1220 1155 1272 ἀπελοίατο
1192 1221 1360 1281 αὐτὸν,
1400 1222 1549 1288 νηυσὶ
1582 1243 1682 1288 μα-
1716 1263 1719 1266 .

100 1300 261 1369 κρῇσι
288 1297 694 1352 ἐπιπλώσαντες.
753 1299 896 1350 αὐτοὶ
924 1297 978 1350 δὲ
1012 1299 1189 1365 Σάμιοι
1213 1299 1450 1369 λέγουσι,
1480 1299 1548 1353 ὥς
1575 1299 1685 1351 ε’πεί
1700 1310 1725 1350 4

97 1399 160 1430 τε
201 1376 496 1445 ὑστέρησαν
535 1377 584 1427 οῖ
623 1375 833 1445 ἄγοντες
871 1381 972 1427 τῶν
1000 1376 1402 1443 Λακεδαιμονίων
1436 1377 1525 1427 τὸν
1564 1396 1682 1444 κρη-

99 1457 256 1525 τῆρα,
285 1453 624 1507 ἐπυνθάνοντο
662 1455 716 1507 δέ
745 1454 925 1524 Σάρδις
960 1474 1017 1504 τε
1052 1453 1137 1504 καὶ
1163 1456 1390 1524 Κροῖσον
1422 1451 1685 1520 ἡλωκέναι,

102 1533 358 1586 ἀπέδοντο
385 1533 473 1584 τὸν
500 1534 720 1602 κρητῆρα
746 1530 801 1584 ἓν
828 1533 995 1603 Σάμῳ,
1017 1530 1217 1585 ἰδιώτας
1244 1531 1301 1582 δὲ
1328 1530 1510 1600 ἄνδρας
1536 1551 1685 1600 πρια-

101 1611 290 1676 μένους
317 1608 570 1662 ἀναθεῒναί
594 1631 681 1677 μιν
707 1608 762 1664 ἒς
788 1611 847 1662 τὸ
871 1608 1105 1679 Ἡραῖον·
1164 1610 1297 1677 τάχα
1332 1609 1388 1662 δὲ
1424 1608 1486 1660 ἂν
1522 1609 1603 1660 καὶ
1638 1609 1688 1660 οἱ

104 1687 416 1756 ἀποδόμενοι
441 1687 661 1758 λέγοιεν,
691 1687 984 1754 ἀπικόμενοι
1012 1686 1068 1741 ἒς
1094 1688 1343 1756 Σπάρτην,
1374 1687 1442 1741 ὧς
1477 1687 1687 1757 ἀπαιρε-

105 1766 324 1833 θείησαν
351 1765 448 1820 ὑπὸ
476 1766 694 1834 Σαμίων.
752 1765 876 1817 κατὰ
910 1765 1007 1833 μέν
1041 1786 1129 1819 νυν
1160 1766 1249 1818 τὸν
1273 1767 1495 1837 κρητῆρα
1530 1762 1691 1821 οὕτως

103 1845 257 1913 ἔσχε.

195 1929 422 1996 Κροῖσος
461 1927 517 1980 δὲ
557 1925 791 1994 ἁμαρτὼν
828 1927 918 1976 τοῦ
957 1926 1213 1993 χρησμοῦ,
1258 1921 1481 1976 ἐποιέετο
1530 1943 1687 1994 στρα-
1708 1920 1782 1981 71

102 2003 252 2066 τηΐην
294 2001 346 2054 ἐς
385 2000 762 2065 Καππαδοκίην,
803 1998 1025 2054 ἐλπίσας
1068 1999 1390 2071 καταιρήσειν
1430 2002 1596 2069 Κῦρόν
1635 2020 1693 2050 τε

103 2080 193 2130 καὶ
228 2077 321 2144 τὴν
347 2076 593 2146 Περσέων
628 2074 854 2145 δύναμιν.
896 2077 1403 2147 παρασκευαζομένου
1440 2077 1495 2130 δὲ
1534 2085 1690 2146 Κροὶ-
1712 2089 1739 2129 2
1774 2096 1781 2104 ⁵

106 2177 212 2209 σου
250 2152 621 2224 στρατεύεσθαι
658 2155 740 2208 ἐπὶ
775 2153 1000 2225 Πέρσας,
1029 2160 1130 2207 τῶν
1156 2176 1232 2209 τις
1268 2156 1462 2215 Λυδῶν,
1492 2155 1691 2221 νομιζό-

103 2255 264 2302 μενος
291 2234 371 2285 καὶ
396 2231 626 2304 πρόσθεν
653 2228 776 2285 εἶναι
806 2234 995 2301 σοφὸς,
1026 2232 1125 2285 ἀπὸ
1155 2233 1209 2285 δὲ
1238 2229 1419 2298 ταύτης
1446 2233 1535 2297 τῆς
1560 2232 1693 2301 γνώ-

103 2333 208 2380 μης
237 2311 318 2364 καὶ
346 2313 403 2362 τὸ
427 2313 584 2380 κάρτα
610 2313 800 2378 οὔνομα
820 2310 874 2363 ἐν
894 2309 1111 2364 Λυδοῖσι
1138 2309 1287 2378 ἔχων,
1313 2306 1696 2372 συνεβούλευσε

105 2389 327 2460 Κροίσῳ
355 2390 491 2441 τάδε·
539 2385 755 2460 (οὔνομά
789 2389 838 2440 οἶ
871 2385 932 2454 ἦν
958 2381 1245 2454 Σάνδανις·)
1306 2381 1427 2437 “Ὠ
1452 2388 1695 2449 βασιλεῦ,
1716 2402 1746 2440 a

107 2467 190 2522 ἐπ’
241 2466 425 2537 ἄνδρας
465 2463 726 2521 τοιούτους
774 2461 1145 2535 στρατεύεσθαι
1186 2464 1606 2532 παρασκευάζεαι,
1652 2459 1703 2517 οἳ

110 2545 358 2600 σκυτίνας
381 2545 477 2613 μὲν
502 2543 822 2614 ἀναξυρίδας,
853 2542 1092 2608 σκυτίνην
1118 2542 1174 2594 δὲ
1200 2541 1292 2606 τὴν
1316 2541 1483 2605 ἄλλην
1510 2539 1701 2602 ε’σθῆτα
