1975 2892
612 110 994 193 ΚΛΕΙΩ.-Ι.
1024 147 1198 209 88-91.
1624 142 1696 195 51

114 211 176 250 οι
198 211 264 251 58.
280 212 341 260 8.]

116 269 203 320 ἐπὶ
238 268 468 336 Πέρσας.
524 264 695 335 λέγων
732 266 788 318 δὲ
830 269 1005 327 ταῦτα,
1042 266 1305 330 κατέβαινε
1345 265 1486 323 αὖτις
1525 290 1707 339 παραι-
1721 290 1748 331 5

116 348 376 412 τεόμενος,
407 342 597 396 ἐπεῖναί
627 344 687 395 οἶ·
712 348 783 415 τῷ
822 343 920 415 θεῷ
960 342 1154 396 τούτων
1189 345 1455 399 ὀνειδίσαι.
1541 352 1709 417 Κῦρος

116 424 173 476 δὲ
225 423 461 492 γελάσας
514 416 640 473 εἶπε·
728 425 764 446 “
785 423 883 473 Καὶ
930 419 1116 473 τούτου
1159 421 1357 488 τεύξεαι
1402 422 1522 494 παρ’
1569 426 1707 493 ἐμεῦ,

116 503 336 569 Κροῖσε,
366 500 449 550 καὶ
484 498 651 550 ἄλλου
686 500 873 553 παντὸς
900 503 992 551 τοῦ
1029 499 1090 551 ἂν
1117 501 1364 552 ἑκάστοτε
1391 498 1540 567 δέῃ.”
1619 502 1745 563 ‘nse

115 578 173 631 δέ
200 581 364 629 ταῦτα
390 579 581 643 ἤκουσε
608 579 636 628 ὁ
663 579 907 645 Κροῖσος,
930 576 1144 643 πέμπων
1169 581 1270 629 τῶν
1296 578 1474 630 Λυδῶν
1492 580 1544 633 ἐς
1573 581 1706 631 Δελ-

112 654 273 725 φοὺς,
305 655 621 713 ἐνετέλλετο,
650 653 878 707 τιθέντας
917 655 1008 707 τὰς
1043 654 1200 708 πέδας
1244 655 1327 707 ἐπὶ
1353 659 1446 707 τοῦ
1474 660 1594 722 νηοῦ
1619 658 1707 709 τὸν

112 734 290 793 οὐδὸν,
322 732 534 801 εἷρωτᾶν
564 731 609 783 εἶ
646 734 709 783 οὔ
747 752 795 783 τι
835 729 1200 800 ἐπαισχύνεται
1236 735 1376 785 τοῖσι
1417 728 1706 801 μαντηίοισι

111 810 311 880 ἐπᾴρας
352 812 581 879 Κροῖσον
626 808 998 879 στρατεύεσθαι
1045 810 1128 862 ἐπὶ
1171 810 1397 879 Πέρσας,
1445 812 1512 865 ὣς
1553 822 1740 864 κατα-“

109 887 387 942 παύσοντα
420 888 513 953 τὴν
539 884 711 957 Κύρου
746 885 973 955 δύναμιν,
1003 886 1088 940 ἀπ’
1132 886 1191 953 ἧς
1225 890 1275 940 οἱ
1309 889 1571 958 ἀκροθίνια
1595 912 1702 942 τοι-

111 971 248 1019 αῦτα
288 965 549 1035 γενέσθαι·
600 963 883 1019 δεικνύντας
918 966 1010 1019 τὰς
1047 965 1222 1019 πέδας.
1286 970 1442 1019 ταῦτά
1473 989 1529 1020 τε
1565 968 1702 1020 ἐπει-

111 1047 309 1114 ρωτᾶν,
330 1044 411 1095 καὶ
432 1042 477 1094 εί
504 1042 840 1112 ἀχαρίστοισι
870 1045 1022 1109 νόμος
1043 1038 1167 1095 εἶναι
1194 1046 1332 1095 τοῖσι
1351 1043 1702 1111 Ἑλληνικοῖσι

114 1122 309 1174 θεοῖσι.
511 1119 893 1189 Ἀπικομένοισι
934 1121 988 1173 δὲ
1031 1123 1170 1172 τοῖσι
1211 1122 1444 1183 Λυδοῖσι,
1490 1124 1571 1175 καὶ
1610 1120 1790 1176 λέω91.

108 1220 275 1266 γουσι
311 1199 376 1251 τὰ
408 1198 757 1265 ἐντεταλμένα,
786 1197 878 1264 τὴν
905 1197 1102 1264 Πυθίην
1131 1200 1336 1268 λέγεται
1373 1199 1532 1253 εἰπεῖν
1558 1203 1700 1255 τάδε·

113 1282 154 1303 “
174 1277 279 1344 Τὴν
303 1276 635 1346 πεπρωμένην
669 1278 851 1345 μοῖραν
876 1274 1097 1328 ἀδύνατά
1135 1276 1248 1327 ἐστι
1279 1278 1594 1348 άποφυγέειν
1621 1282 1700 1333 καὶ

112 1354 240 1427 θεῷ.
286 1398 291 1401 .
320 1358 543 1424 Κροῖσος
572 1354 627 1406 δέ
662 1353 894 1421 πέμπτου
932 1353 1110 1423 γονέος
1137 1356 1397 1423 ἁμαρτάδα
1425 1356 1698 1422 ἐξέπλησε,
1716 1368 1741 1407 2

110 1431 175 1487 ὃς
213 1433 309 1485 ἐὼν
344 1433 635 1503 δορυφόρος
677 1430 1070 1501 Ἡρακλειδέων,
1101 1432 1238 1502 δόλῳ
1274 1428 1544 1504 γυναικηίῳ
1589 1433 1698 1486 ἐπι-

112 1512 393 1577 σπόμενος,
425 1510 679 1578 ἐφόνευσε
704 1511 793 1561 τὸν
820 1510 1090 1568 δεσπότεα,
1121 1510 1203 1560 καὶ
1238 1510 1366 1577 ἔσχε
1392 1509 1482 1570 τὴν
1509 1510 1699 1563 ἐκείνου

110 1588 267 1655 τιμὴν
293 1586 439 1640 οὐδέν
465 1588 514 1639 οἱ
540 1584 923 1656 προσήκουσαν.
967 1585 1380 1654 προθυμεομένου
1401 1588 1456 1639 δέ
1484 1588 1696 1653 Λοξίεω,

112 1666 251 1719 ὅκως
295 1665 357 1717 ἂν
398 1666 522 1717 κατὰ
568 1664 687 1718 τοὺς
731 1665 913 1717 παῖδας
954 1663 1074 1716 τοὺς
1121 1664 1351 1733 Κροίσου
1395 1663 1595 1734 γένοιτο
1639 1668 1698 1719 τὸ

113 1743 347 1812 Σαρδίων
372 1742 551 1803 πάθος,
583 1742 664 1793 καὶ
690 1740 757 1809 μὴ
786 1740 891 1793 κατ’
919 1742 1074 1793 αὐτὸν
1100 1744 1346 1810 Κροῖσον,
1376 1742 1466 1793 οὐκ
1499 1738 1608 1796 οἷόν
1643 1766 1698 1796 τε

113 1821 319 1888 ἐγένετο
360 1822 673 1890 παραγαγεῖν
715 1820 915 1888 μοίρας.
980 1818 1108 1871 ὅσον
1144 1819 1199 1871 δὲ
1247 1819 1490 1873 ἐνέδωκαν
1531 1818 1734 1883 abram

110 1897 361 1966 ἦνύσατο,
392 1898 473 1951 καὶ
509 1897 789 1968 ἐχαρίσατό
824 1898 892 1950 οἱ.
936 1898 1052 1966 τρία
1085 1898 1185 1967 γὰρ
1211 1898 1326 1951 ἔτεα
1351 1899 1696 1964 ἐπανεβάλετο
1743 1958 1748 1963 ,

110 1978 209 2044 τὴν
236 1977 463 2047 Σαρδίων
489 1977 704 2028 ἅλωσιν·
750 1976 831 2027 καὶ
858 1978 1008 2027 τοῦτο
1037 1975 1334 2027 ἐπιστάσθω
1363 1980 1604 2046 Κροῖσος,
1629 1979 1696 2032 ὦς

110 2052 339 2124 ὕστερον
382 2057 523 2107 τοῖσι
568 2054 709 2105 ἔτεσι
747 2050 978 2105 τούτοισι
1018 2053 1174 2107 ἁλοὺς
1219 2056 1306 2121 τῆς
1345 2056 1692 2125 πεπρωμένης.

110 2131 328 2201 δεύτερα
348 2133 403 2185 δὲ
429 2130 639 2191 τούτων,
662 2130 908 2203 καιομένῳ
928 2130 1065 2203 αὐτῷ
1090 2130 1356 2201 ἐπήρκεσε.
1400 2134 1543 2183 Κατὰ
1559 2133 1614 2184 δὲ
1635 2134 1692 2184 τὸ
1708 2146 1736 2187 4

108 2208 355 2279 μαντήϊον
393 2210 451 2261 τὸ
489 2211 776 2277 γενόμενον,
813 2209 904 2260 οὐκ
929 2207 1110 2277 -ὀρθῶς
1152 2211 1377 2276 Κροῖσος
1414 2208 1690 2277 μέμφεται.

108 2290 429 2357 προηγόρευε
452 2288 554 2356 γάρ
590 2287 639 2337 οἶ
667 2286 867 2352 Λοξίης,
898 2284 959 2352 ἢν
986 2283 1320 2354 στρατεύηται
1354 2284 1440 2337 ἐπὶ
1465 2286 1691 2355 Πέρσας,

107 2367 345 2435 μεγάλην
382 2364 547 2434 ἀρχὴν
585 2364 737 2415 αὐτὸν
776 2360 1100 2423 καταλύσειν,
1141 2363 1230 2413 τὸν
1269 2362 1325 2413 δὲ
1370 2364 1498 2431 πρὸς
1536 2366 1694 2416 ταῦτα

110 2444 266 2513 χρῆν,
296 2439 353 2494 εὖ
391 2443 649 2509 μέλλοντα
686 2439 1050 2504 βουλεύεσθαι,
1078 2436 1372 2508 ε’πείρεσθαι
1396 2438 1691 2507 πέμψαντα,

110 2523 300 2588 κότερα
333 2520 424 2587 τὴν
456 2520 645 2571 ἑωυτοῦ
670 2517 701 2585 ἢ
730 2520 820 2584 τὴν
846 2515 1017 2586 Κύρου
1055 2516 1202 2585 λέγοι
1238 2513 1419 2584 ἀρχήν.
1463 2516 1524 2567 οὐ
1559 2520 1732 2575 cvl-3

110 2597 299 2659 λαβὼν
333 2597 389 2649 δὲ
430 2597 489 2649 τὸ
530 2595 701 2667 ῥηθὲν,
730 2593 836 2647 οὐδ’
884 2593 1285 2663 ἐπανειρόμενος,
1315 2593 1502 2645 ἑωυτὸν
1531 2590 1694 2645 αἴτιον
