1975 2892
541 411 1305 524 ‘HPOAOTOY

443 663 974 728 ἸΣΤΟΡΙΩΝ
1041 671 1414 732 ΠΡΩΤΗ.

860 835 1021 848 ———

811 945 1062 990 ΚΛΕῙΩ.

206 1050 583 1110 ἨΡΟΔΟΤΟΥ
621 1055 1063 1128 Ἀλικαρνησσῆος
1100 1057 1327 1129 ἱστορίης
1354 1058 1593 1125 ἀπόδεξις
1616 1059 1722 1127 ἥδε·

147 1136 218 1190 ὧς
250 1132 377 1202 μήτε
410 1136 474 1188 τὰ
507 1139 752 1205 γενόμενα
786 1135 845 1202 ἐξ
887 1135 1165 1207 ἀνθρώπων
1200 1141 1270 1209 τῷ
1304 1140 1475 1209 χρόνῳ
1518 1138 1727 1204 ἐξίτηλα

143 1213 369 1284 γένηται,
405 1212 531 1281 μήτε
567 1215 692 1284 ἔργα
731 1215 932 1285 μεγάλα
970 1235 1029 1266 τε
1071 1215 1151 1268 καὶ
1188 1213 1483 1282 θωυμαστὰ,
1526 1217 1589 1268 τὰ
1633 1217 1727 1284 μέν

134 1291 388 1358 Ἕλλησι,
416 1293 480 1344 τὰ
507 1293 563 1344 δὲ
587 1293 907 1362 βαρβάροισι
933 1291 1297 1362 ἀποδεχθέντα,
1321 1295 1478 1346 ἀκλεᾶ
1503 1294 1722 1364 γένηται·

141 1371 207 1422 τά
233 1391 292 1422 τε
318 1369 474 1431 ἅλλα,
503 1370 584 1423 καὶ
611 1368 676 1424 δι’
705 1368 764 1438 ἣν
790 1370 954 1438 αἰτίην
981 1371 1308 1439 ἐπολέμησαν
1334 1369 1637 1439 ἀλλήλοισι.

231 1447 479 1510 Περσέων
520 1447 614 1516 μέν
657 1469 744 1500 νυν
779 1450 828 1503 οἱ
861 1450 1033 1512 λόγιοι
1084 1450 1315 1500 Φοίνικας
1361 1446 1549 1499 αἰτίους
1592 1446 1729 1510 φασὶ
1752 1448 1780 1500 l

136 1522 385 1594 γενέσθαι
411 1524 499 1589 τῆς
535 1524 801 1592 διαφορῆς.
844 1521 1055 1578 τούτους
1080 1525 1198 1594 γὰρ,
1228 1524 1329 1576 ἀπὸ
1366 1526 1454 1591 τῆς
1479 1524 1727 1595 Ἐρυθρῆς
1756 1527 1855 1609 {⁵533

137 1600 452 1668 καλεομένης
497 1599 769 1668 θαλάσσης
812 1601 1148 1668 ἀπικομένους
1188 1601 1271 1654 ἐπὶ
1313 1600 1461 1670 τήνδε
1506 1604 1597 1670 τὴν
1632 1603 1722 1657 θά-
1743 1618 1767 1656 2
1863 1597 1873 1608 ”

135 1681 374 1738 λασσαν,
412 1679 494 1730 καὶ
529 1677 832 1746 οἰκήσαντας
865 1683 1049 1732 τοῦτον
1083 1681 1173 1732 τὸν
1206 1685 1377 1748 χῶρον
1409 1682 1496 1733 τὸν
1523 1682 1604 1734 καὶ
1641 1685 1728 1735 νῦν

79 1769 100 1790 ’
133 1757 388 1816 οἰκέουσι,
419 1757 598 1809 αὐτίκα
624 1757 914 1824 ναυτιλίῃσι
946 1762 1171 1827 μακρῇσι
1206 1756 1492 1812 ἐπιθέσθαι·
1538 1760 1722 1831 ἀπαγι-

133 1836 344 1890 νέοντας
371 1835 427 1888 δὲ
448 1834 641 1905 φορτία
660 1833 912 1906 Αἶγῦπτιά
938 1857 995 1888 τε
1022 1837 1103 1888 καὶ
1128 1834 1400 1908 Ἀσσύρια,
1424 1839 1487 1906 τῇ
1511 1860 1567 1891 τε
1586 1839 1724 1906 ἄλλῃ

129 1915 283 1984 χώρῃ
315 1912 724 1974 ἐσαπικνέεσθαι,
748 1914 830 1966 καὶ
857 1913 917 1981 δὴ
947 1913 1029 1966 καὶ
1057 1915 1109 1968 ἐς
1138 1912 1352 1986 Ἄργος.
1423 1919 1493 1968 Τὸ
1520 1917 1575 1969 δὲ
1590 1915 1719 1986 ''Ap-
1742 1926 1767 1964 3

129 2015 228 2063 γος
273 1995 458 2044 τοῦτον
492 1992 582 2044 τὸν
614 1993 803 2062 χρόνον
843 1994 1056 2062 προεῖχε
1096 1993 1258 2046 ἅπασι
1297 1999 1398 2046 τῶν
1437 1995 1592 2062 ἐν’τῇ
1638 1999 1725 2047 νῦν

127 2070 357 2123 Ἐλλάδι
401 2070 678 2136 καλεομένῃ
716 2071 880 2139 χώρῃ.
944 2066 1303 2138 Ἀπικομένους
1344 2072 1400 2141 δὲ
1442 2072 1560 2127 τοὺς
1601 2072 1721 2124 Φοί-

129 2169 277 2202 νικας
320 2149 372 2202 ἐς
407 2147 468 2215 δὴ
503 2149 562 2200 τὸ
594 2145 790 2219 Ἀργος
824 2151 995 2208 τοῦτο,
1026 2147 1344 2201 διατίθεσθαι
1381 2151 1470 2202 τὸν
1503 2151 1719 2218 φόρτον.

124 2226 342 2293 πέμπτῃ
371 2227 426 2278 δέ
447 2224 476 2292 ἢ
501 2224 616 2292 ἕκτῃ
645 2225 802 2296 ἡμέρῃ
829 2225 914 2279 ἀπ’
937 2224 996 2293 ἧς
1022 2227 1279 2286 ἀπίκοντο,
1304 2227 1723 2294 ἐξεμπολημένων
1744 2239 1769 2280 4

124 2307 241 2373 σφι
273 2305 468 2372 σχεδὸν
492 2306 711 2364 πάντων,
743 2303 913 2356 ἐλθεῖν
941 2305 1025 2358 ἐπὶ
1049 2304 1141 2372 τὴν
1168 2304 1441 2356 θάλασσαν
1466 2307 1720 2372 γυναῖκας,

119 2384 305 2436 ἄλλας
332 2404 388 2434 τε
413 2382 632 2440 πολλὰς,
657 2383 737 2434 καὶ
765 2383 824 2449 δὴ
854 2383 934 2434 καὶ
961 2386 1053 2433 τοῦ
1078 2382 1331 2444 βασιλέος
1351 2381 1620 2450 θυγατέρα·
1664 2384 1723 2433 τὸ

120 2462 186 2514 δέ
216 2461 270 2513 οἱ
299 2463 492 2528 οὕνομα
518 2455 660 2520 εἶναι,
685 2461 810 2512 κατὰ
837 2461 999 2511 τώυτὸ
1025 2461 1085 2510 τὸ
1108 2459 1188 2509 καὶ
1206 2455 1459 2523 ”Ελληνες
1483 2459 1721 2525 λέγουσι,

125 2538 270 2592 Ἰοῦν
307 2537 399 2606 τὴν
432 2537 654 2607 Ἰνάχου.
737 2535 931 2592 Ταύτας
973 2538 1175 2588 στάσας
1214 2535 1340 2586 κατὰ
1372 2532 1601 2603 πρύμνην
1636 2537 1723 2590 τῆς
1746 2549 1768 2588 ε

177 2640 293 2670 von.
316 2639 347 2669 1.
913 2642 952 2681 B
