1975 2892
310 100 426 156 366
876 111 1280 156 ΗΡοΔοΤοΥ
1959 127 1960 130 =

1540 167 1683 214 [Δ.ο,
1706 167 1911 206 515-507.

263 233 287 272 2
310 222 532 288 ὀϊστοὺς,
569 223 636 278 ὦς
669 224 762 290 τὴν
801 226 999 276 ἑωυτῶν
1038 223 1199 290 ἀλκὴν
1235 221 1602 292 παραδιδοῦσι.
1654 223 1789 288 αὕτη
1826 225 1905 288 μὲν

312 301 508 372 Δαρείῳ
544 300 572 367 ἦ
609 303 781 370 γνώμη
817 302 1138 354 ἀπεδέδεκτο.
1222 298 1533 366 Συνεστῆκεε
1560 301 1625 352 δὲ
1656 299 1824 366 ταύτῃ
1854 305 1904 365 τῇ

303 381 482 448 γνώμῃ
511 377 540 446 ἦ
569 379 838 448 Γωβρὺεω,
866 385 967 430 τῶν
1002 380 1197 448 ἀνδρῶν
1232 384 1333 430 τῶν
1368 378 1495 430 ἑπτὰ
1532 379 1655 432 ἑνὸς
1692 385 1805 430 τῶν
1830 381 1902 428 τὸν
1959 413 1960 424 ,

263 466 286 502 3
314 460 494 526 Μάγον
529 460 860 516 κατελόντων,
901 456 1184 524 εἰκάζοντος
1220 457 1284 508 τὰ
1323 457 1459 524 δῶρα
1494 455 1700 526 λέγειν·
1758 453 1902 506 “Ἠν

313 535 379 603 μὴ
409 533 601 603 ὄρνιθες
626 537 884 604 γενόμενοι
911 534 1205 602 ἀναπτῆσθε
1234 535 1285 589 ἐς
1311 536 1401 586 τὸν
1426 533 1667 602 οὐρανὸν,
1702 533 1749 584 ὦ
1782 535 1901 601 Πέρ-

316 633 421 673 σαι,
452 610 480 679 ἢ
507 610 630 679 μὺες
654 616 912 681 γενόμενοι
933 614 1060 664 κατὰ
1080 615 1169 679 τῆς
1193 615 1289 682 γῆς
1316 609 1611 677 καταδύητε,
1648 610 1680 678 ἢ
1708 613 1901 678 βάτρα·

313 711 402 758 χοι
426 693 686 760 γενόμενοι
713 691 764 745 ἐς
790 692 880 744 τὰς
905 690 1089 756 λίμνας
1108 689 1451 756 ἐσπηδήσητε,
1482 689 1573 740 οὐκ
1602 686 1904 753 ἀπονοστή-

317 789 436 820 σετε
471 767 659 828 ὀπίσω,
699 768 796 820 ὑπὸ
831 769 988 820 τῶνδε
1024 773 1124 820 τῶν
1158 769 1479 834 τοξευμάτων
1512 762 1905 834 βαλλόμενοι.”

315 845 515 912 Πέρσαι
541 847 634 906 μὲν
661 847 720 904 δὴ
747 843 879 898 οὕτω
907 847 969 898 τὰ
998 846 1133 912 δῶρα
1160 843 1372 910 εἴκαζον.

188 919 295 973 133
381 921 448 974 ‘H
491 922 546 974 δὲ
588 918 814 972 Σκυθέων
852 919 942 985 μία
979 921 1131 986 μοῖρα
1163 915 1192 983 ἡ
1228 916 1479 982 ταχθεῖσα
1513 916 1783 982 πρότερον
1820 912 1907 981 μὲν
1959 935 1960 952 ¹

305 1003 443 1070 παρὰ
480 999 571 1065 τὴν
611 1001 828 1065 Μαιῆτιν
866 996 1047 1064 λίμνην
1085 995 1375 1064 φρουρέειν,
1414 995 1532 1045 τότε
1573 993 1630 1043 δὲ
1686 994 1779 1044 ἐπὶ
1825 995 1907 1044 τὸν
1959 1023 1960 1028 =

300 1075 520 1146 Ἴστρον
548 1074 702 1128 Ἴωσι
744 1077 796 1130 ἐς
841 1079 1031 1146 λόγους
1078 1077 1263 1134 ἐλθεῖν,
1311 1076 1375 1130 ὣς
1423 1073 1631 1128 ἀπίκετο
1683 1076 1777 1128 ἐπὶ
1827 1080 1910 1142 τὴν

274 1162 298 1201 ²
318 1155 564 1223 γέφυραν,
593 1155 743 1223 ἔλεγε
769 1155 906 1206 τάδε·
954 1151 1213 1223 ’“”Ανδρες
1236 1151 1429 1214 Ἴωνες,
1458 1151 1763 1222 ἐλευθερίην
1798 1154 1908 1220 ὑμῖν

319 1230 502 1299 ἥκομεν
538 1232 800 1301 φέροντες,
840 1234 997 1301 ἥνπερ
1031 1254 1092 1302 γε
1126 1231 1341 1297 ἐθέλητε
1378 1228 1663 1283 ἐσακούειν.
1708 1231 1907 1283 πυνθα-

323 1308 509 1377 νόμεθα
542 1310 642 1379 γὰρ
677 1311 894 1378 Δαρεῖον
928 1308 1253 1362 ἐντείλασθαι
1282 1310 1413 1376 ὑμῖν,
1445 1305 1691 1374 ἑξήκοντα
1716 1307 1910 1376 ἡμέρας

321 1386 508 1456 μοὺνας
548 1384 941 1457 φρουρήσαντας
979 1386 1071 1455 τὴν
1103 1389 1353 1458 γέφυραν,
1380 1386 1535 1438 αὑτοῦ
1574 1385 1641 1452 μὴ
1676 1407 1907 1456 παραγε-

323 1465 534 1533 νομένου
577 1466 630 1517 ἐν
675 1462 838 1536 τούτῳ
883 1467 954 1536 τῷ
996 1468 1185 1536 χρόνῳ,
1230 1464 1675 1516 ἀπαλλάσσεσθαι
1716 1463 1771 1517 ἐς
1816 1465 1911 1530 τὴν

273 1553 299 1596 8
325 1541 582 1612 ὑμετέρην.
627 1546 713 1596 νῦν
734 1541 802 1594 ὧν
828 1542 967 1608 ὑμεῖς
986 1543 1107 1596 τάδε
1132 1545 1407 1605 ποιεῦντες,
1434 1540 1581 1596 ε’κτὸς
1598 1542 1694 1607 μὲν
1714 1542 1912 1594 ἔσεσθε
1959 1601 1960 1614 ἶ

323 1622 450 1690 πρὸς
477 1619 667 1672 ἐκείνου
705 1619 881 1686 αἰτίης,
910 1618 1054 1674 ε’κτὸς
1092 1621 1149 1672 δὲ
1187 1621 1317 1689 πρὸς
1351 1619 1530 1686 ἡμέων·
1575 1620 1667 1672 τὰς
1698 1641 1910 1688 προκει-

323 1698 475 1765 μένας
509 1696 695 1768 ἡμέρας
731 1697 1139 1767 παραμείναντες,
1173 1699 1233 1750 τὸ
1272 1699 1373 1750 ἀπὸ
1399 1694 1584 1748 τούτου
1623 1697 1908 1750 ἅπαλλάσ-
1959 1745 1960 1766 3

277 1786 304 1826 4
328 1774 548 1828 σεσθε.”
620 1773 774 1827 Οὗτοι
799 1776 890 1841 μέν
917 1798 1020 1834 νυν,
1050 1775 1433 1842 ὑποδεξαμένων
1457 1772 1642 1827 Ἰώνων
1668 1773 1911 1842 ποιήσειν
1959 1769 1960 1776 ¹

323 1855 503 1912 ταῦτα,
533 1853 702 1906 ὀπίσω
729 1853 820 1920 τὴν
845 1853 1096 1920 ταχίστην
1124 1854 1405 1920 ἐπείγοντο.

194 1929 301 1984 134
401 1927 638 1992 Πέρσῃσι
673 1928 748 1984 δὲ,
785 1927 911 1994 μετὰ
950 1927 1015 1978 τὰ
1054 1926 1191 1994 δῶρα
1224 1925 1288 1977 τὰ
1320 1925 1538 1978 ἐλθόντα
1572 1925 1792 1998 Δαρείῳ,
1824 1928 1913 1982 ἀν-

324 2004 640 2072 τετάχθησαν
676 2006 724 2056 οἱ
760 2001 1156 2072 ὑπολειφθέντες
1192 2003 1373 2058 Σκύθαι
1412 2005 1547 2073 πεζῷ
1572 2004 1653 2055 καὶ
1681 2000 1908 2069 ἵπποισι,

278 2101 304 2143 2
327 2081 394 2136 ὡς
421 2081 820 2148 συμβαλέοντες.
864 2082 1215 2154 τεταγμένοισι
1243 2084 1298 2136 δὲ
1326 2087 1464 2136 τοῖσι
1490 2081 1717 2180 Σκύθησι
1742 2086 1903 2154 λαγὸς

327 2159 379 2214 ἐς
404 2161 462 2212 τὸ
488 2159 650 2227 μέσον
677 2160 834 2227 διῇξε·
879 2165 980 2214 τῶν
1007 2162 1115 2215 δὲ“
1090 2183 1157 2215 ως
1183 2160 1388 2214 ἔκαστοι
1416 2162 1574 2230 ὦρεον
1600 2162 1691 2213 τὸν
1718 2164 1898 2231 λαγὸν,

277 2254 304 2294 ι
329 2237 552 2289 ἐδίωκον.
595 2237 948 2306 ταραχθέντων
983 2239 1039 2291 δέ
1078 2245 1179 2292 τῶν
1214 2239 1458 2299 Σκυθέων,
1490 2239 1571 2290 και
1606 2241 1707 2306 βοῇ
1734 2261 1896 2308 χρεω-

324 2314 504 2378 μένων,
533 2335 694 2382 ειρετο
723 2317 752 2366 ὁ
779 2318 990 2384 Δαρεῖος
1018 2321 1119 2368 τῶν
1144 2317 1515 2384 ἀντιπολεμίων
1540 2318 1630 2369 τὸν
1657 2317 1894 2387 θόρυβον·

324 2387 605 2453 πυθόμενος
631 2390 691 2441 δέ
716 2392 884 2458 σφεας
904 2394 993 2444 τὸν
1011 2395 1173 2462 λαγὸν
1198 2394 1483 2452 διώκοντας,
1514 2389 1623 2446 εἶπε
1650 2394 1747 2462 ἄρα
1769 2399 1895 2464 πρὸς
1959 2395 1960 2398 “

277 2476 304 2516 4
326 2461 551 2548 τοῦσπερ
598 2465 748 2516 ἐώθεε
789 2469 870 2518 καὶ
917 2470 980 2520 τὰ
1026 2469 1163 2521 «fiko
1204 2469 1393 2540 λέγειν·
1460 2475 1496 2496 “
1516 2471 1672 2523 Οὗτοι
1716 2473 1896 2541 ὧνδρες

325 2531 487 2604 ἡμέων
531 2541 732 2618 πολλὸν
777 2545 1205 2613 καταφρονέουσι
1278 2548 1361 2600 καί
1400 2569 1491 2618 μοι
1530 2551 1621 2602 νῦν
1666 2551 1891 2619 φαίνεται
