<?xml version="1.0" encoding="UTF-8"?>
<!DOCTYPE html PUBLIC "-//W3C//DTD XHTML 1.0 Transitional//EN"
    "http://www.w3.org/TR/xhtml1/DTD/xhtml1-transitional.dtd">
<html xmlns="http://www.w3.org/1999/xhtml" xml:lang="en" lang="en">
 <head>
  <title>
</title>
<meta http-equiv="Content-Type" content="text/html;charset=utf-8" />
  <meta name='ocr-system' content='tesseract 3.04.00' />
  <meta name='ocr-capabilities' content='ocr_page ocr_carea ocr_par ocr_line ocrx_word'/>
</head>
<body>
  <div class='ocr_page' id='page_1' title='image "./herodotihistori00westgoog_0405.png"; bbox 0 0 1975 2892; ppageno 0'>
   <div class='ocr_carea' id='block_1_1' title="bbox 107 145 1688 266">
    <p class='ocr_par' dir='ltr' id='par_1_1' title="bbox 107 145 1688 266">
     <span class='ocr_line' id='line_1_1' title="bbox 407 145 1688 214; baseline 0 -16"><span class='ocrx_word' id='word_1_1' title='bbox 407 153 1117 201; x_wconf 78' lang='lat' dir='ltr'>MEAHOMENH.--1V.</span> <span class='ocrx_word' id='word_1_2' title='bbox 1158 165 1390 214; x_wconf 82' lang='lat'>119-123.</span> <span class='ocrx_word' id='word_1_3' title='bbox 1577 145 1688 198; x_wconf 24' lang='lat'>*361</span> 
     </span>
     <span class='ocr_line' id='line_1_2' title="bbox 107 217 490 266; baseline 0 -8"><span class='ocrx_word' id='word_1_4' title='bbox 107 219 176 258; x_wconf 86' lang='lat'>01.</span> <span class='ocrx_word' id='word_1_5' title='bbox 195 219 257 259; x_wconf 74' lang='lat'>66.</span> <span class='ocrx_word' id='word_1_6' title='bbox 277 217 412 258; x_wconf 78' lang='lat'><strong>2—68.</strong></span> <span class='ocrx_word' id='word_1_7' title='bbox 430 218 490 266; x_wconf 84' lang='grc'>2.]</span> 
     </span>
    </p>
   </div>
   <div class='ocr_carea' id='block_1_2' title="bbox 89 269 1811 2667">
    <p class='ocr_par' dir='ltr' id='par_1_2' title="bbox 98 269 1802 1502">
     <span class='ocr_line' id='line_1_3' title="bbox 112 269 1685 345; baseline 0.006 -27"><span class='ocrx_word' id='word_1_8' title='bbox 112 269 367 321; x_wconf 83' lang='grc' dir='ltr'>Βουδίνων</span> <span class='ocrx_word' id='word_1_9' title='bbox 391 275 829 342; x_wconf 73' lang='grc' dir='ltr'>προσγενομένων,</span> <span class='ocrx_word' id='word_1_10' title='bbox 850 272 1035 343; x_wconf 79' lang='grc' dir='ltr'>ἡμέρης</span> <span class='ocrx_word' id='word_1_11' title='bbox 1062 276 1141 326; x_wconf 80' lang='grc' dir='ltr'>καὶ</span> <span class='ocrx_word' id='word_1_12' title='bbox 1168 274 1376 328; x_wconf 79' lang='grc' dir='ltr'>τούτους</span> <span class='ocrx_word' id='word_1_13' title='bbox 1402 273 1505 345; x_wconf 81' lang='grc' dir='ltr'>ὁδῷ</span> <span class='ocrx_word' id='word_1_14' title='bbox 1531 277 1685 342; x_wconf 88' lang='grc' dir='ltr'>προέ-</span> 
     </span>
     <span class='ocr_line' id='line_1_4' title="bbox 105 351 1683 421; baseline 0.005 -27"><span class='ocrx_word' id='word_1_15' title='bbox 105 366 298 412; x_wconf 86' lang='grc' dir='ltr'>χοντας</span> <span class='ocrx_word' id='word_1_16' title='bbox 331 353 432 400; x_wconf 83' lang='grc' dir='ltr'>τῶν</span> <span class='ocrx_word' id='word_1_17' title='bbox 467 353 728 417; x_wconf 87' lang='grc' dir='ltr'>Περσέων,</span> <span class='ocrx_word' id='word_1_18' title='bbox 766 351 1054 421; x_wconf 82' lang='grc' dir='ltr'>ὑπεξάγειν,</span> <span class='ocrx_word' id='word_1_19' title='bbox 1091 353 1325 406; x_wconf 76' lang='grc' dir='ltr'>ὑπιόντας</span> <span class='ocrx_word' id='word_1_20' title='bbox 1360 373 1416 404; x_wconf 90' lang='grc' dir='ltr'>τε</span> <span class='ocrx_word' id='word_1_21' title='bbox 1452 353 1533 403; x_wconf 85' lang='grc' dir='ltr'>καὶ</span> <span class='ocrx_word' id='word_1_22' title='bbox 1568 373 1683 404; x_wconf 83' lang='grc' dir='ltr'>ποι-</span> 
     </span>
     <span class='ocr_line' id='line_1_5' title="bbox 107 425 1728 500; baseline 0.007 -28"><span class='ocrx_word' id='word_1_23' title='bbox 107 425 286 479; x_wconf 86' lang='grc' dir='ltr'>εῦντας</span> <span class='ocrx_word' id='word_1_24' title='bbox 311 425 374 478; x_wconf 81' lang='grc' dir='ltr'>τὰ</span> <span class='ocrx_word' id='word_1_25' title='bbox 398 428 796 496; x_wconf 81' lang='grc' dir='ltr'>βεβουλευμένα.</span> <span class='ocrx_word' id='word_1_26' title='bbox 839 434 1014 498; x_wconf 84' lang='grc' dir='ltr'>πρῶτα</span> <span class='ocrx_word' id='word_1_27' title='bbox 1048 431 1140 496; x_wconf 90' lang='grc' dir='ltr'>μέν</span> <span class='ocrx_word' id='word_1_28' title='bbox 1168 451 1253 482; x_wconf 91' lang='grc' dir='ltr'>νυν</span> <span class='ocrx_word' id='word_1_29' title='bbox 1279 429 1489 500; x_wconf 75' lang='grc' dir='ltr'>ὑπάγειν</span> <span class='ocrx_word' id='word_1_30' title='bbox 1518 428 1685 499; x_wconf 87' lang='grc' dir='ltr'>σφέας</span> <span class='ocrx_word' id='word_1_31' title='bbox 1701 449 1728 489; x_wconf 76' lang='lat'>4</span> 
     </span>
     <span class='ocr_line' id='line_1_6' title="bbox 106 499 1680 575; baseline 0.005 -25"><span class='ocrx_word' id='word_1_32' title='bbox 106 499 192 551; x_wconf 81' lang='grc' dir='ltr'>ίθὺ</span> <span class='ocrx_word' id='word_1_33' title='bbox 229 506 328 554; x_wconf 82' lang='grc' dir='ltr'>τῶν</span> <span class='ocrx_word' id='word_1_34' title='bbox 365 503 574 573; x_wconf 80' lang='grc' dir='ltr'>χωρέων</span> <span class='ocrx_word' id='word_1_35' title='bbox 608 511 708 559; x_wconf 86' lang='grc' dir='ltr'>τῶν</span> <span class='ocrx_word' id='word_1_36' title='bbox 744 507 1095 572; x_wconf 78' lang='grc' dir='ltr'>ἀπειπαμένων</span> <span class='ocrx_word' id='word_1_37' title='bbox 1128 507 1219 575; x_wconf 88' lang='grc' dir='ltr'>τὴν</span> <span class='ocrx_word' id='word_1_38' title='bbox 1255 506 1515 575; x_wconf 80' lang='grc' dir='ltr'>σφετέρην</span> <span class='ocrx_word' id='word_1_39' title='bbox 1550 529 1680 574; x_wconf 90' lang='grc' dir='ltr'>συμ-</span> 
     </span>
     <span class='ocr_line' id='line_1_7' title="bbox 102 578 1685 651; baseline 0.006 -21"><span class='ocrx_word' id='word_1_40' title='bbox 102 579 312 646; x_wconf 84' lang='grc' dir='ltr'>μαχίην,</span> <span class='ocrx_word' id='word_1_41' title='bbox 342 578 422 634; x_wconf 79' lang='grc' dir='ltr'>ἵνα</span> <span class='ocrx_word' id='word_1_42' title='bbox 450 584 530 634; x_wconf 82' lang='grc' dir='ltr'>καὶ</span> <span class='ocrx_word' id='word_1_43' title='bbox 557 581 768 638; x_wconf 76' lang='grc' dir='ltr'>τούτους</span> <span class='ocrx_word' id='word_1_44' title='bbox 789 585 1215 651; x_wconf 82' lang='grc' dir='ltr'>ἐκπολεμώσωσι·</span> <span class='ocrx_word' id='word_1_45' title='bbox 1258 585 1303 637; x_wconf 84' lang='grc' dir='ltr'>εἷ</span> <span class='ocrx_word' id='word_1_46' title='bbox 1324 585 1377 637; x_wconf 80' lang='grc' dir='ltr'>δέ</span> <span class='ocrx_word' id='word_1_47' title='bbox 1398 583 1465 651; x_wconf 84' lang='grc' dir='ltr'>μὴ</span> <span class='ocrx_word' id='word_1_48' title='bbox 1489 586 1685 639; x_wconf 81' lang='grc' dir='ltr'>ἑκόντες</span> 
     </span>
     <span class='ocr_line' id='line_1_8' title="bbox 103 656 1682 733; baseline 0.005 -27"><span class='ocrx_word' id='word_1_49' title='bbox 103 677 168 725; x_wconf 83' lang='grc' dir='ltr'>γε</span> <span class='ocrx_word' id='word_1_50' title='bbox 197 656 454 711; x_wconf 83' lang='grc' dir='ltr'>ὑπέδυσαν</span> <span class='ocrx_word' id='word_1_51' title='bbox 481 662 570 712; x_wconf 87' lang='grc' dir='ltr'>τὸν</span> <span class='ocrx_word' id='word_1_52' title='bbox 602 663 829 728; x_wconf 88' lang='grc' dir='ltr'>πόλεμον</span> <span class='ocrx_word' id='word_1_53' title='bbox 854 664 942 714; x_wconf 86' lang='grc' dir='ltr'>τὸν</span> <span class='ocrx_word' id='word_1_54' title='bbox 972 665 1101 732; x_wconf 88' lang='grc' dir='ltr'>πρὸς</span> <span class='ocrx_word' id='word_1_55' title='bbox 1128 663 1353 733; x_wconf 88' lang='grc' dir='ltr'>Πέρσας,</span> <span class='ocrx_word' id='word_1_56' title='bbox 1384 661 1503 714; x_wconf 81' lang='grc' dir='ltr'>ἀλλ’</span> <span class='ocrx_word' id='word_1_57' title='bbox 1532 663 1682 714; x_wconf 76' lang='grc' dir='ltr'>ἄκον-</span> 
     </span>
     <span class='ocr_line' id='line_1_9' title="bbox 101 735 1724 810; baseline 0.007 -25"><span class='ocrx_word' id='word_1_58' title='bbox 101 753 196 787; x_wconf 84' lang='grc' dir='ltr'>τας</span> <span class='ocrx_word' id='word_1_59' title='bbox 235 735 609 803; x_wconf 78' lang='grc' dir='ltr'>ἐκπολεμῶσαι.</span> <span class='ocrx_word' id='word_1_60' title='bbox 653 741 780 807; x_wconf 81' lang='grc' dir='ltr'>μετὰ</span> <span class='ocrx_word' id='word_1_61' title='bbox 813 740 868 793; x_wconf 77' lang='grc' dir='ltr'>δὲ</span> <span class='ocrx_word' id='word_1_62' title='bbox 907 744 1076 800; x_wconf 80' lang='grc' dir='ltr'>τοῦτο,</span> <span class='ocrx_word' id='word_1_63' title='bbox 1111 740 1461 810; x_wconf 88' lang='grc' dir='ltr'>ὑποστρέφειν</span> <span class='ocrx_word' id='word_1_64' title='bbox 1502 740 1554 794; x_wconf 86' lang='grc' dir='ltr'>ἐς</span> <span class='ocrx_word' id='word_1_65' title='bbox 1593 741 1683 807; x_wconf 89' lang='grc' dir='ltr'>τὴν</span> <span class='ocrx_word' id='word_1_66' title='bbox 1698 757 1724 797; x_wconf 71' lang='lat'>⁸</span> 
     </span>
     <span class='ocr_line' id='line_1_10' title="bbox 98 811 1681 886; baseline 0.004 -24"><span class='ocrx_word' id='word_1_67' title='bbox 98 811 378 882; x_wconf 83' lang='grc' dir='ltr'>σφετέρην,</span> <span class='ocrx_word' id='word_1_68' title='bbox 429 815 510 866; x_wconf 78' lang='grc' dir='ltr'>καὶ</span> <span class='ocrx_word' id='word_1_69' title='bbox 555 815 870 886; x_wconf 79' lang='grc' dir='ltr'>ἐπιχειρέειν,</span> <span class='ocrx_word' id='word_1_70' title='bbox 912 814 973 879; x_wconf 80' lang='grc' dir='ltr'>ἢν</span> <span class='ocrx_word' id='word_1_71' title='bbox 1019 815 1079 883; x_wconf 82' lang='grc' dir='ltr'>δὴ</span> <span class='ocrx_word' id='word_1_72' title='bbox 1124 814 1549 883; x_wconf 86' lang='grc' dir='ltr'>βουλευομένοισι</span> <span class='ocrx_word' id='word_1_73' title='bbox 1596 817 1681 869; x_wconf 89' lang='grc' dir='ltr'>δο-</span> 
     </span>
     <span class='ocr_line' id='line_1_11' title="bbox 99 889 1802 963; baseline 0.004 -19"><span class='ocrx_word' id='word_1_74' title='bbox 99 889 206 955; x_wconf 82' lang='grc' dir='ltr'>κέῃ.</span> <span class='ocrx_word' id='word_1_75' title='bbox 289 896 456 945; x_wconf 89' lang='grc' dir='ltr'>Ταῦτα</span> <span class='ocrx_word' id='word_1_76' title='bbox 490 895 538 946; x_wconf 81' lang='grc' dir='ltr'>οἱ</span> <span class='ocrx_word' id='word_1_77' title='bbox 579 893 760 948; x_wconf 81' lang='grc' dir='ltr'>Σκύθαι</span> <span class='ocrx_word' id='word_1_78' title='bbox 799 895 1221 963; x_wconf 88' lang='grc' dir='ltr'>βουλευσάμενοι,</span> <span class='ocrx_word' id='word_1_79' title='bbox 1256 893 1555 960; x_wconf 79' lang='grc' dir='ltr'>ὑπηντίαζον</span> <span class='ocrx_word' id='word_1_80' title='bbox 1594 895 1683 962; x_wconf 80' lang='grc' dir='ltr'>τὴν</span> <span class='ocrx_word' id='word_1_81' title='bbox 1702 898 1802 951; x_wconf 85' lang='grc'>121</span> 
     </span>
     <span class='ocr_line' id='line_1_12' title="bbox 101 967 1677 1039; baseline 0.004 -22"><span class='ocrx_word' id='word_1_82' title='bbox 101 967 322 1036; x_wconf 88' lang='grc' dir='ltr'>Δαρείου</span> <span class='ocrx_word' id='word_1_83' title='bbox 360 969 620 1037; x_wconf 86' lang='grc' dir='ltr'>στρατιὴν,</span> <span class='ocrx_word' id='word_1_84' title='bbox 660 971 983 1039; x_wconf 82' lang='grc' dir='ltr'>προδρόμους</span> <span class='ocrx_word' id='word_1_85' title='bbox 1023 971 1420 1024; x_wconf 82' lang='grc' dir='ltr'>ἀποστείλαντες</span> <span class='ocrx_word' id='word_1_86' title='bbox 1460 977 1561 1023; x_wconf 83' lang='grc' dir='ltr'>τῶν</span> <span class='ocrx_word' id='word_1_87' title='bbox 1598 975 1677 1024; x_wconf 84' lang='grc' dir='ltr'>ἱπ-</span> 
     </span>
     <span class='ocr_line' id='line_1_13' title="bbox 99 1044 1719 1117; baseline 0.003 -19"><span class='ocrx_word' id='word_1_88' title='bbox 99 1046 240 1098; x_wconf 86' lang='grc' dir='ltr'>πέων</span> <span class='ocrx_word' id='word_1_89' title='bbox 265 1044 382 1099; x_wconf 82' lang='grc' dir='ltr'>τοὺς</span> <span class='ocrx_word' id='word_1_90' title='bbox 407 1046 668 1115; x_wconf 77' lang='grc' dir='ltr'>ἀρίστους.</span> <span class='ocrx_word' id='word_1_91' title='bbox 713 1049 804 1102; x_wconf 82' lang='grc' dir='ltr'>τὰς</span> <span class='ocrx_word' id='word_1_92' title='bbox 843 1048 899 1100; x_wconf 78' lang='grc' dir='ltr'>δὲ</span> <span class='ocrx_word' id='word_1_93' title='bbox 927 1047 1138 1114; x_wconf 82' lang='grc' dir='ltr'>ἁμάξας,</span> <span class='ocrx_word' id='word_1_94' title='bbox 1168 1048 1225 1100; x_wconf 85' lang='grc' dir='ltr'>ἐν</span> <span class='ocrx_word' id='word_1_95' title='bbox 1258 1048 1381 1116; x_wconf 85' lang='grc' dir='ltr'>τῇσί</span> <span class='ocrx_word' id='word_1_96' title='bbox 1420 1051 1524 1117; x_wconf 87' lang='grc' dir='ltr'>σφι</span> <span class='ocrx_word' id='word_1_97' title='bbox 1550 1050 1675 1102; x_wconf 89' lang='grc' dir='ltr'>διαι-</span> <span class='ocrx_word' id='word_1_98' title='bbox 1693 1063 1719 1103; x_wconf 77' lang='lat'>2</span> 
     </span>
     <span class='ocr_line' id='line_1_14' title="bbox 100 1123 1679 1197; baseline 0.004 -25"><span class='ocrx_word' id='word_1_99' title='bbox 100 1123 227 1173; x_wconf 83' lang='grc' dir='ltr'>τᾶτο</span> <span class='ocrx_word' id='word_1_100' title='bbox 253 1123 316 1174; x_wconf 80' lang='grc' dir='ltr'>τὰ</span> <span class='ocrx_word' id='word_1_101' title='bbox 342 1124 488 1175; x_wconf 86' lang='grc' dir='ltr'>τέκνα</span> <span class='ocrx_word' id='word_1_102' title='bbox 515 1145 570 1176; x_wconf 92' lang='grc' dir='ltr'>τε</span> <span class='ocrx_word' id='word_1_103' title='bbox 597 1126 678 1177; x_wconf 82' lang='grc' dir='ltr'>καὶ</span> <span class='ocrx_word' id='word_1_104' title='bbox 705 1127 756 1176; x_wconf 74' lang='grc' dir='ltr'>αἱ</span> <span class='ocrx_word' id='word_1_105' title='bbox 780 1128 1011 1196; x_wconf 81' lang='grc' dir='ltr'>γυναῖκες</span> <span class='ocrx_word' id='word_1_106' title='bbox 1037 1128 1219 1186; x_wconf 82' lang='grc' dir='ltr'>πᾶσαι,</span> <span class='ocrx_word' id='word_1_107' title='bbox 1249 1129 1329 1178; x_wconf 81' lang='grc' dir='ltr'>καὶ</span> <span class='ocrx_word' id='word_1_108' title='bbox 1356 1127 1419 1178; x_wconf 78' lang='grc' dir='ltr'>τὰ</span> <span class='ocrx_word' id='word_1_109' title='bbox 1444 1129 1679 1197; x_wconf 89' lang='grc' dir='ltr'>πρόβατα</span> 
     </span>
     <span class='ocr_line' id='line_1_15' title="bbox 109 1193 1677 1272; baseline 0.004 -21"><span class='ocrx_word' id='word_1_110' title='bbox 109 1193 348 1271; x_wconf 85' lang='grc' dir='ltr'>[πάντα,]</span> <span class='ocrx_word' id='word_1_111' title='bbox 377 1199 513 1267; x_wconf 88' lang='grc' dir='ltr'>πλὴν</span> <span class='ocrx_word' id='word_1_112' title='bbox 547 1201 649 1254; x_wconf 81' lang='grc' dir='ltr'>ὅσα</span> <span class='ocrx_word' id='word_1_113' title='bbox 689 1205 794 1271; x_wconf 90' lang='grc' dir='ltr'>σφι</span> <span class='ocrx_word' id='word_1_114' title='bbox 826 1205 877 1258; x_wconf 81' lang='grc' dir='ltr'>ἐς</span> <span class='ocrx_word' id='word_1_115' title='bbox 913 1202 1119 1272; x_wconf 85' lang='grc' dir='ltr'>φορβὴν</span> <span class='ocrx_word' id='word_1_116' title='bbox 1157 1205 1297 1256; x_wconf 78' lang='grc' dir='ltr'>ἱκανὰ</span> <span class='ocrx_word' id='word_1_117' title='bbox 1335 1201 1413 1271; x_wconf 81' lang='grc' dir='ltr'>ἦν,</span> <span class='ocrx_word' id='word_1_118' title='bbox 1452 1207 1677 1257; x_wconf 77' lang='grc' dir='ltr'>τοσαῦτα</span> 
     </span>
     <span class='ocr_line' id='line_1_16' title="bbox 100 1277 1675 1351; baseline 0.003 -23"><span class='ocrx_word' id='word_1_119' title='bbox 100 1277 486 1346; x_wconf 89' lang='grc' dir='ltr'>ὑπολιπόμενοι,</span> <span class='ocrx_word' id='word_1_120' title='bbox 517 1280 580 1332; x_wconf 83' lang='grc' dir='ltr'>τὰ</span> <span class='ocrx_word' id='word_1_121' title='bbox 605 1281 742 1332; x_wconf 81' lang='grc' dir='ltr'>ἅλλα</span> <span class='ocrx_word' id='word_1_122' title='bbox 778 1281 880 1349; x_wconf 85' lang='grc' dir='ltr'>ἅμα</span> <span class='ocrx_word' id='word_1_123' title='bbox 905 1284 1027 1348; x_wconf 88' lang='grc' dir='ltr'>τῇσι</span> <span class='ocrx_word' id='word_1_124' title='bbox 1054 1282 1280 1348; x_wconf 79' lang='grc' dir='ltr'>ἁμάξῃσι</span> <span class='ocrx_word' id='word_1_125' title='bbox 1314 1282 1675 1351; x_wconf 76' lang='grc' dir='ltr'>προέπεμψαν,</span> 
     </span>
     <span class='ocr_line' id='line_1_17' title="bbox 101 1356 1675 1428; baseline 0.004 -22"><span class='ocrx_word' id='word_1_126' title='bbox 101 1356 441 1422; x_wconf 81' lang='grc' dir='ltr'>ἐντειλάμενοι</span> <span class='ocrx_word' id='word_1_127' title='bbox 467 1357 566 1410; x_wconf 87' lang='grc' dir='ltr'>αίεὶ</span> <span class='ocrx_word' id='word_1_128' title='bbox 591 1360 650 1410; x_wconf 85' lang='grc' dir='ltr'>τὸ</span> <span class='ocrx_word' id='word_1_129' title='bbox 675 1360 804 1428; x_wconf 83' lang='grc' dir='ltr'>πρὸς</span> <span class='ocrx_word' id='word_1_130' title='bbox 828 1360 999 1428; x_wconf 86' lang='grc' dir='ltr'>βορέω</span> <span class='ocrx_word' id='word_1_131' title='bbox 1026 1357 1271 1412; x_wconf 78' lang='grc' dir='ltr'>ἐλαύνειν.</span> <span class='ocrx_word' id='word_1_132' title='bbox 1313 1363 1471 1412; x_wconf 87' lang='grc' dir='ltr'>ταῦτα</span> <span class='ocrx_word' id='word_1_133' title='bbox 1496 1360 1589 1426; x_wconf 77' lang='grc' dir='ltr'>μὲν</span> <span class='ocrx_word' id='word_1_134' title='bbox 1614 1359 1675 1426; x_wconf 82' lang='grc' dir='ltr'>δὴ</span> 
     </span>
     <span class='ocr_line' id='line_1_18' title="bbox 99 1434 476 1502; baseline 0 -15"><span class='ocrx_word' id='word_1_135' title='bbox 99 1434 476 1502; x_wconf 80' lang='grc' dir='ltr'>προεκομίζετο.</span> 
     </span>
    </p>

    <p class='ocr_par' dir='ltr' id='par_1_3' title="bbox 89 1506 1811 2667">
     <span class='ocr_line' id='line_1_19' title="bbox 171 1506 1805 1581; baseline -0.003 -17"><span class='ocrx_word' id='word_1_136' title='bbox 171 1518 280 1565; x_wconf 81' lang='grc' dir='ltr'>Τῶν</span> <span class='ocrx_word' id='word_1_137' title='bbox 323 1513 378 1565; x_wconf 77' lang='grc' dir='ltr'>δέ</span> <span class='ocrx_word' id='word_1_138' title='bbox 420 1513 647 1566; x_wconf 87' lang='grc' dir='ltr'>Σκυθέων</span> <span class='ocrx_word' id='word_1_139' title='bbox 681 1513 729 1564; x_wconf 80' lang='grc' dir='ltr'>οἱ</span> <span class='ocrx_word' id='word_1_140' title='bbox 767 1511 1047 1581; x_wconf 85' lang='grc' dir='ltr'>πρόδρομοι</span> <span class='ocrx_word' id='word_1_141' title='bbox 1090 1510 1158 1566; x_wconf 81' lang='grc' dir='ltr'>ὣς</span> <span class='ocrx_word' id='word_1_142' title='bbox 1196 1508 1345 1580; x_wconf 78' lang='grc' dir='ltr'>εὗρον</span> <span class='ocrx_word' id='word_1_143' title='bbox 1380 1507 1501 1562; x_wconf 82' lang='grc' dir='ltr'>τοὺς</span> <span class='ocrx_word' id='word_1_144' title='bbox 1538 1506 1673 1574; x_wconf 86' lang='grc' dir='ltr'>Πέρ-</span> <span class='ocrx_word' id='word_1_145' title='bbox 1699 1507 1805 1559; x_wconf 90' lang='grc'>122</span> 
     </span>
     <span class='ocr_line' id='line_1_20' title="bbox 90 1586 1676 1659; baseline -0.005 -13"><span class='ocrx_word' id='word_1_146' title='bbox 90 1613 192 1646; x_wconf 90' lang='grc' dir='ltr'>σας</span> <span class='ocrx_word' id='word_1_147' title='bbox 235 1591 362 1644; x_wconf 84' lang='grc' dir='ltr'>ὅσον</span> <span class='ocrx_word' id='word_1_148' title='bbox 401 1614 458 1644; x_wconf 93' lang='grc' dir='ltr'>τε</span> <span class='ocrx_word' id='word_1_149' title='bbox 499 1597 652 1659; x_wconf 82' lang='grc' dir='ltr'>τριῶν</span> <span class='ocrx_word' id='word_1_150' title='bbox 693 1589 916 1658; x_wconf 82' lang='grc' dir='ltr'>ἡμερέων</span> <span class='ocrx_word' id='word_1_151' title='bbox 957 1590 1079 1642; x_wconf 85' lang='grc' dir='ltr'>ὁδὸν</span> <span class='ocrx_word' id='word_1_152' title='bbox 1120 1589 1401 1656; x_wconf 79' lang='grc' dir='ltr'>ἀπέχοντας</span> <span class='ocrx_word' id='word_1_153' title='bbox 1442 1586 1543 1639; x_wconf 82' lang='grc' dir='ltr'>άπὸ</span> <span class='ocrx_word' id='word_1_154' title='bbox 1583 1588 1676 1638; x_wconf 81' lang='grc' dir='ltr'>τοῦ</span> 
     </span>
     <span class='ocr_line' id='line_1_21' title="bbox 89 1662 1674 1736; baseline -0.003 -18"><span class='ocrx_word' id='word_1_155' title='bbox 89 1666 322 1736; x_wconf 83' lang='grc' dir='ltr'>Ἴστρου,</span> <span class='ocrx_word' id='word_1_156' title='bbox 353 1664 492 1717; x_wconf 84' lang='grc' dir='ltr'>οὗτοι</span> <span class='ocrx_word' id='word_1_157' title='bbox 517 1665 611 1732; x_wconf 79' lang='grc' dir='ltr'>μὲν</span> <span class='ocrx_word' id='word_1_158' title='bbox 645 1667 854 1718; x_wconf 80' lang='grc' dir='ltr'>τούτους</span> <span class='ocrx_word' id='word_1_159' title='bbox 893 1663 1139 1733; x_wconf 82' lang='grc' dir='ltr'>εὑρόντες,</span> <span class='ocrx_word' id='word_1_160' title='bbox 1170 1662 1354 1732; x_wconf 86' lang='grc' dir='ltr'>ἡμέρης</span> <span class='ocrx_word' id='word_1_161' title='bbox 1394 1663 1495 1734; x_wconf 79' lang='grc' dir='ltr'>ὁδῷ</span> <span class='ocrx_word' id='word_1_162' title='bbox 1520 1666 1674 1730; x_wconf 86' lang='grc' dir='ltr'>προέ-</span> 
     </span>
     <span class='ocr_line' id='line_1_22' title="bbox 97 1739 1670 1812; baseline -0.001 -18"><span class='ocrx_word' id='word_1_163' title='bbox 97 1765 296 1811; x_wconf 86' lang='grc' dir='ltr'>χοντες,</span> <span class='ocrx_word' id='word_1_164' title='bbox 328 1740 836 1812; x_wconf 79' lang='grc' dir='ltr'>ἐστρατοπεδεύοντο,</span> <span class='ocrx_word' id='word_1_165' title='bbox 866 1741 929 1793; x_wconf 83' lang='grc' dir='ltr'>τὰ</span> <span class='ocrx_word' id='word_1_166' title='bbox 956 1743 1012 1794; x_wconf 85' lang='grc' dir='ltr'>ἐκ</span> <span class='ocrx_word' id='word_1_167' title='bbox 1038 1743 1127 1807; x_wconf 82' lang='grc' dir='ltr'>τῆς</span> <span class='ocrx_word' id='word_1_168' title='bbox 1150 1742 1246 1810; x_wconf 85' lang='grc' dir='ltr'>γῆς</span> <span class='ocrx_word' id='word_1_169' title='bbox 1273 1742 1501 1810; x_wconf 89' lang='grc' dir='ltr'>φυόμενα</span> <span class='ocrx_word' id='word_1_170' title='bbox 1527 1739 1670 1792; x_wconf 88' lang='grc' dir='ltr'>λεαί-</span> 
     </span>
     <span class='ocr_line' id='line_1_23' title="bbox 101 1815 1679 1890; baseline -0.003 -16"><span class='ocrx_word' id='word_1_171' title='bbox 101 1843 288 1881; x_wconf 86' lang='grc' dir='ltr'>νοντες,</span> <span class='ocrx_word' id='word_1_172' title='bbox 319 1823 367 1873; x_wconf 78' lang='grc' dir='ltr'>οἱ</span> <span class='ocrx_word' id='word_1_173' title='bbox 394 1821 453 1872; x_wconf 82' lang='grc' dir='ltr'>δέ</span> <span class='ocrx_word' id='word_1_174' title='bbox 478 1820 678 1890; x_wconf 85' lang='grc' dir='ltr'>Πέρσαι</span> <span class='ocrx_word' id='word_1_175' title='bbox 705 1821 772 1875; x_wconf 83' lang='grc' dir='ltr'>ὦς</span> <span class='ocrx_word' id='word_1_176' title='bbox 798 1815 933 1872; x_wconf 82' lang='grc' dir='ltr'>εἶδον</span> <span class='ocrx_word' id='word_1_177' title='bbox 961 1820 1298 1888; x_wconf 81' lang='grc' dir='ltr'>ἐπιφανεῖσαν</span> <span class='ocrx_word' id='word_1_178' title='bbox 1324 1823 1423 1870; x_wconf 83' lang='grc' dir='ltr'>τῶν</span> <span class='ocrx_word' id='word_1_179' title='bbox 1450 1817 1679 1870; x_wconf 87' lang='grc' dir='ltr'>Σκυθέων</span> 
     </span>
     <span class='ocr_line' id='line_1_24' title="bbox 99 1895 1717 1966; baseline -0.001 -16"><span class='ocrx_word' id='word_1_180' title='bbox 99 1897 192 1965; x_wconf 88' lang='grc' dir='ltr'>τὴν</span> <span class='ocrx_word' id='word_1_181' title='bbox 230 1896 404 1958; x_wconf 80' lang='grc' dir='ltr'>ἵππον,</span> <span class='ocrx_word' id='word_1_182' title='bbox 444 1897 658 1966; x_wconf 84' lang='grc' dir='ltr'>ἐπῆἳσαν</span> <span class='ocrx_word' id='word_1_183' title='bbox 698 1899 823 1950; x_wconf 82' lang='grc' dir='ltr'>κατὰ</span> <span class='ocrx_word' id='word_1_184' title='bbox 864 1899 1050 1961; x_wconf 90' lang='grc' dir='ltr'>στίβον</span> <span class='ocrx_word' id='word_1_185' title='bbox 1090 1895 1186 1950; x_wconf 67' lang='lat' dir='ltr'>ald</span> <span class='ocrx_word' id='word_1_186' title='bbox 1228 1897 1538 1966; x_wconf 84' lang='grc' dir='ltr'>ὑπαγόντων·</span> <span class='ocrx_word' id='word_1_187' title='bbox 1596 1896 1717 1949; x_wconf 77' lang='grc' dir='ltr'>καὶ2</span> 
     </span>
     <span class='ocr_line' id='line_1_25' title="bbox 101 1971 1673 2047; baseline -0.003 -19"><span class='ocrx_word' id='word_1_188' title='bbox 101 1978 292 2036; x_wconf 73' lang='grc' dir='ltr'>ἔπειτα,</span> <span class='ocrx_word' id='word_1_189' title='bbox 321 1978 450 2046; x_wconf 83' lang='grc' dir='ltr'>πρὸς</span> <span class='ocrx_word' id='word_1_190' title='bbox 475 1977 574 2047; x_wconf 81' lang='grc' dir='ltr'>γὰρ</span> <span class='ocrx_word' id='word_1_191' title='bbox 603 1977 692 2044; x_wconf 83' lang='grc' dir='ltr'>τὴν</span> <span class='ocrx_word' id='word_1_192' title='bbox 716 1977 835 2044; x_wconf 87' lang='grc' dir='ltr'>μίαν</span> <span class='ocrx_word' id='word_1_193' title='bbox 862 1981 961 2028; x_wconf 87' lang='grc' dir='ltr'>τῶν</span> <span class='ocrx_word' id='word_1_194' title='bbox 985 1975 1203 2045; x_wconf 87' lang='grc' dir='ltr'>μοιρέων</span> <span class='ocrx_word' id='word_1_195' title='bbox 1228 1971 1432 2035; x_wconf 77' lang='grc' dir='ltr'>ἰ’θυσαν,</span> <span class='ocrx_word' id='word_1_196' title='bbox 1462 1975 1511 2026; x_wconf 79' lang='grc' dir='ltr'>οἱ</span> <span class='ocrx_word' id='word_1_197' title='bbox 1538 1973 1673 2042; x_wconf 89' lang='grc' dir='ltr'>Πέρ-</span> 
     </span>
     <span class='ocr_line' id='line_1_26' title="bbox 102 2053 1718 2124; baseline -0.004 -17"><span class='ocrx_word' id='word_1_198' title='bbox 102 2075 194 2107; x_wconf 92' lang='grc' dir='ltr'>σαι</span> <span class='ocrx_word' id='word_1_199' title='bbox 240 2054 448 2106; x_wconf 84' lang='grc' dir='ltr'>ἐδίωκον</span> <span class='ocrx_word' id='word_1_200' title='bbox 485 2056 613 2124; x_wconf 88' lang='grc' dir='ltr'>πρὸς</span> <span class='ocrx_word' id='word_1_201' title='bbox 665 2053 736 2122; x_wconf 85' lang='grc' dir='ltr'><em>ἧῶ</em></span> <span class='ocrx_word' id='word_1_202' title='bbox 783 2075 839 2106; x_wconf 92' lang='grc' dir='ltr'>τε</span> <span class='ocrx_word' id='word_1_203' title='bbox 891 2055 972 2106; x_wconf 86' lang='grc' dir='ltr'>καὶ</span> <span class='ocrx_word' id='word_1_204' title='bbox 1024 2057 1115 2106; x_wconf 88' lang='grc' dir='ltr'>τοῦ</span> <span class='ocrx_word' id='word_1_205' title='bbox 1146 2054 1404 2107; x_wconf 77' lang='grc' dir='ltr'>Τανάϊδος.</span> <span class='ocrx_word' id='word_1_206' title='bbox 1468 2053 1675 2113; x_wconf 88' lang='grc' dir='ltr'>διαβάν-</span> <span class='ocrx_word' id='word_1_207' title='bbox 1692 2061 1718 2100; x_wconf 80' lang='lat'><em>8</em></span> 
     </span>
     <span class='ocr_line' id='line_1_27' title="bbox 101 2130 1674 2200; baseline -0.003 -16"><span class='ocrx_word' id='word_1_208' title='bbox 101 2155 204 2184; x_wconf 90' lang='grc' dir='ltr'>των</span> <span class='ocrx_word' id='word_1_209' title='bbox 231 2134 285 2185; x_wconf 78' lang='grc' dir='ltr'>δὲ</span> <span class='ocrx_word' id='word_1_210' title='bbox 322 2130 514 2184; x_wconf 73' lang='grc' dir='ltr'>τούτων</span> <span class='ocrx_word' id='word_1_211' title='bbox 553 2134 641 2186; x_wconf 89' lang='grc' dir='ltr'>τὸν</span> <span class='ocrx_word' id='word_1_212' title='bbox 667 2133 848 2184; x_wconf 78' lang='grc' dir='ltr'>Τάναϊν</span> <span class='ocrx_word' id='word_1_213' title='bbox 881 2133 1125 2198; x_wconf 88' lang='grc' dir='ltr'>ποταμὸν,</span> <span class='ocrx_word' id='word_1_214' title='bbox 1156 2132 1205 2183; x_wconf 78' lang='grc' dir='ltr'>οἱ</span> <span class='ocrx_word' id='word_1_215' title='bbox 1242 2131 1442 2200; x_wconf 87' lang='grc' dir='ltr'>Πέρσαι</span> <span class='ocrx_word' id='word_1_216' title='bbox 1482 2130 1674 2182; x_wconf 83' lang='grc' dir='ltr'>ἐπιδια-</span> 
     </span>
     <span class='ocr_line' id='line_1_28' title="bbox 100 2206 1679 2276; baseline -0.003 -15"><span class='ocrx_word' id='word_1_217' title='bbox 100 2211 286 2274; x_wconf 87' lang='grc' dir='ltr'>βάντες</span> <span class='ocrx_word' id='word_1_218' title='bbox 338 2209 563 2262; x_wconf 81' lang='grc' dir='ltr'>ἐδίωκον·</span> <span class='ocrx_word' id='word_1_219' title='bbox 632 2210 684 2265; x_wconf 87' lang='grc' dir='ltr'>ἐς</span> <span class='ocrx_word' id='word_1_220' title='bbox 737 2207 765 2262; x_wconf 85' lang='grc' dir='ltr'><strong><em>ὃ</em></strong></span> <span class='ocrx_word' id='word_1_221' title='bbox 819 2215 918 2260; x_wconf 83' lang='grc' dir='ltr'>τῶν</span> <span class='ocrx_word' id='word_1_222' title='bbox 960 2208 1321 2276; x_wconf 85' lang='grc' dir='ltr'>Σαυροματέων</span> <span class='ocrx_word' id='word_1_223' title='bbox 1372 2206 1463 2274; x_wconf 75' lang='grc' dir='ltr'>τὴν</span> <span class='ocrx_word' id='word_1_224' title='bbox 1506 2207 1679 2275; x_wconf 83' lang='grc' dir='ltr'>χώρην</span> 
     </span>
     <span class='ocr_line' id='line_1_29' title="bbox 98 2283 1811 2354; baseline 0.001 -18"><span class='ocrx_word' id='word_1_225' title='bbox 98 2285 461 2350; x_wconf 79' lang='grc' dir='ltr'>διεξελθόντες,</span> <span class='ocrx_word' id='word_1_226' title='bbox 511 2285 748 2340; x_wconf 81' lang='grc' dir='ltr'>ἀπίκοντο</span> <span class='ocrx_word' id='word_1_227' title='bbox 795 2286 846 2341; x_wconf 87' lang='grc' dir='ltr'>ές</span> <span class='ocrx_word' id='word_1_228' title='bbox 890 2286 982 2354; x_wconf 89' lang='grc' dir='ltr'>τὴν</span> <span class='ocrx_word' id='word_1_229' title='bbox 1026 2291 1125 2341; x_wconf 78' lang='grc' dir='ltr'>τῶν</span> <span class='ocrx_word' id='word_1_230' title='bbox 1172 2287 1436 2339; x_wconf 85' lang='grc' dir='ltr'>Βουδίνων.</span> <span class='ocrx_word' id='word_1_231' title='bbox 1514 2287 1679 2340; x_wconf 73' lang='grc' dir='ltr'>’Ὅσον</span> <span class='ocrx_word' id='word_1_232' title='bbox 1700 2283 1811 2338; x_wconf 84' lang='grc'>123</span> 
     </span>
     <span class='ocr_line' id='line_1_30' title="bbox 97 2361 1679 2434; baseline 0.004 -19"><span class='ocrx_word' id='word_1_233' title='bbox 97 2363 191 2430; x_wconf 79' lang='grc' dir='ltr'>μὲν</span> <span class='ocrx_word' id='word_1_234' title='bbox 242 2361 303 2430; x_wconf 81' lang='grc' dir='ltr'>δὴ</span> <span class='ocrx_word' id='word_1_235' title='bbox 356 2366 544 2432; x_wconf 87' lang='grc' dir='ltr'>χρόνον</span> <span class='ocrx_word' id='word_1_236' title='bbox 597 2367 644 2417; x_wconf 78' lang='grc' dir='ltr'>οἱ</span> <span class='ocrx_word' id='word_1_237' title='bbox 698 2363 898 2433; x_wconf 84' lang='grc' dir='ltr'>Πέρσαι</span> <span class='ocrx_word' id='word_1_238' title='bbox 949 2369 1113 2434; x_wconf 78' lang='grc' dir='ltr'>ἤῖσαν</span> <span class='ocrx_word' id='word_1_239' title='bbox 1164 2366 1249 2418; x_wconf 79' lang='grc' dir='ltr'>διὰ</span> <span class='ocrx_word' id='word_1_240' title='bbox 1298 2367 1389 2432; x_wconf 86' lang='grc' dir='ltr'>τῆς</span> <span class='ocrx_word' id='word_1_241' title='bbox 1442 2365 1679 2430; x_wconf 82' lang='grc' dir='ltr'>Σκυθικῆς</span> 
     </span>
     <span class='ocr_line' id='line_1_31' title="bbox 104 2435 1677 2511; baseline -0.004 -17"><span class='ocrx_word' id='word_1_242' title='bbox 104 2443 188 2495; x_wconf 88' lang='grc' dir='ltr'>καὶ</span> <span class='ocrx_word' id='word_1_243' title='bbox 226 2444 315 2509; x_wconf 82' lang='grc' dir='ltr'>τῆς</span> <span class='ocrx_word' id='word_1_244' title='bbox 356 2443 726 2511; x_wconf 87' lang='grc' dir='ltr'>Σαυρομάτιδος</span> <span class='ocrx_word' id='word_1_245' title='bbox 764 2443 952 2511; x_wconf 83' lang='grc' dir='ltr'>χώρης,</span> <span class='ocrx_word' id='word_1_246' title='bbox 995 2441 1043 2492; x_wconf 79' lang='grc' dir='ltr'>οἶ</span> <span class='ocrx_word' id='word_1_247' title='bbox 1086 2440 1141 2492; x_wconf 82' lang='grc' dir='ltr'>δὲ</span> <span class='ocrx_word' id='word_1_248' title='bbox 1179 2435 1322 2506; x_wconf 87' lang='grc' dir='ltr'>εἶχον</span> <span class='ocrx_word' id='word_1_249' title='bbox 1362 2437 1509 2488; x_wconf 77' lang='grc' dir='ltr'>οὐδὲν</span> <span class='ocrx_word' id='word_1_250' title='bbox 1541 2435 1677 2488; x_wconf 89' lang='grc' dir='ltr'>σινέ-</span> 
     </span>
     <span class='ocr_line' id='line_1_32' title="bbox 105 2513 1719 2590; baseline -0.004 -18"><span class='ocrx_word' id='word_1_251' title='bbox 105 2519 275 2580; x_wconf 88' lang='grc' dir='ltr'>εσθαι,</span> <span class='ocrx_word' id='word_1_252' title='bbox 304 2520 392 2571; x_wconf 81' lang='grc' dir='ltr'>ἅτε</span> <span class='ocrx_word' id='word_1_253' title='bbox 420 2522 508 2587; x_wconf 82' lang='grc' dir='ltr'>τῆς</span> <span class='ocrx_word' id='word_1_254' title='bbox 534 2522 704 2590; x_wconf 83' lang='grc' dir='ltr'>χώρης</span> <span class='ocrx_word' id='word_1_255' title='bbox 731 2517 916 2586; x_wconf 77' lang='grc' dir='ltr'>ἐούσης</span> <span class='ocrx_word' id='word_1_256' title='bbox 941 2517 1156 2587; x_wconf 89' lang='grc' dir='ltr'>χέρσου·</span> <span class='ocrx_word' id='word_1_257' title='bbox 1202 2515 1315 2570; x_wconf 89' lang='grc' dir='ltr'>ε’πεί</span> <span class='ocrx_word' id='word_1_258' title='bbox 1349 2535 1405 2567; x_wconf 89' lang='grc' dir='ltr'>τε</span> <span class='ocrx_word' id='word_1_259' title='bbox 1433 2515 1487 2566; x_wconf 79' lang='grc' dir='ltr'>δὲ</span> <span class='ocrx_word' id='word_1_260' title='bbox 1516 2515 1566 2568; x_wconf 78' lang='grc' dir='ltr'>ἐς</span> <span class='ocrx_word' id='word_1_261' title='bbox 1592 2513 1719 2582; x_wconf 75' lang='grc' dir='ltr'>τὴν2</span> 
     </span>
     <span class='ocr_line' id='line_1_33' title="bbox 105 2593 1687 2667; baseline -0.001 -17"><span class='ocrx_word' id='word_1_262' title='bbox 105 2603 206 2650; x_wconf 84' lang='grc' dir='ltr'>τῶν</span> <span class='ocrx_word' id='word_1_263' title='bbox 234 2597 487 2651; x_wconf 84' lang='grc' dir='ltr'>Βουδίνων</span> <span class='ocrx_word' id='word_1_264' title='bbox 523 2599 696 2667; x_wconf 87' lang='grc' dir='ltr'>χώρην</span> <span class='ocrx_word' id='word_1_265' title='bbox 737 2597 1012 2661; x_wconf 85' lang='grc' dir='ltr'>ἐσέβαλον,</span> <span class='ocrx_word' id='word_1_266' title='bbox 1042 2594 1255 2648; x_wconf 84' lang='grc' dir='ltr'>ἐνθαῦτα</span> <span class='ocrx_word' id='word_1_267' title='bbox 1294 2593 1355 2661; x_wconf 86' lang='grc' dir='ltr'>δὴ</span> <span class='ocrx_word' id='word_1_268' title='bbox 1393 2593 1687 2662; x_wconf 77' lang='grc' dir='ltr'>ἐντυχόντες</span> 
     </span>
    </p>
   </div>
  </div>
 </body>
</html>
