1975 2892
571 128 949 173 Imma—1.
986 138 1220 189 155-159.
1614 122 1689 181 87

80 190 151 229 Ol.
176 190 243 230 58.
267 190 409 230 8·-·80.
426 190 483 239 8.]

80 242 304 297 ἐλάσας
329 243 414 296 ἐπὶ
437 244 528 297 τὰς
555 244 753 313 Σάρδις,
775 247 867 298 τοῦ
895 243 1067 316 Κύρου
1095 250 1320 316 στρατοῦ
1345 250 1528 318 μοῖραν
1553 248 1684 315 ὅσην

82 318 151 386 δὴ
182 341 308 373 κοτε
334 322 485 389 ἔχων,
509 322 579 376 ὣς
602 322 694 374 οὐκ
719 322 836 393 εὗρε
856 324 931 375 ἔτι
952 324 1128 379 ἐόντας
1145 325 1264 379 τοὺς
1283 326 1420 395 ἀμφὶ
1447 325 1686 389 Πακτύην

84 398 143 451 ἐν
170 400 415 469 Σάρδισι,
436 405 613 469 πρῶτα
637 400 731 468 μὲν
750 402 869 456 τοὺς
895 402 1092 457 Λυδοὺς
1111 400 1367 473 ἠνάγκασε
1393 405 1485 458 τὰς
1511 402 1684 474 Κύρου

84 476 315 532 ἐντολὰς
338 478 635 531 ἐπιτελέειν·
680 478 735 531 ἐκ
770 477 955 532 τούτου
982 481 1039 534 δέ
1076 480 1491 549 κελευσμοσύνης
1527 483 1686 535 Λυδοὶ

84 554 182 621 τὴν
216 558 401 609 πᾶσαν
438 556 633 609 δίαιταν
671 558 762 624 τῆς
803 559 919 625 ζόης
957 559 1265 625 μετέβαλον.
1348 561 1589 628 Μαζάρης
1628 560 1683 613 δὲ
1701 571 1727 610 4

84 634 221 699 μετὰ
260 638 417 687 τοῦτο
452 635 647 702 ἔπεμπε
683 635 737 689 ἐς
774 635 867 703 τὴν
909 634 1084 704 Κύμην
1119 636 1397 707 ἀγγέλους,
1437 638 1686 690 ἐκδιδόναι

86 709 323 765 κελεύων
364 709 617 779 Πακτύην·
664 714 715 766 οἱ
750 714 805 767 δέ
842 718 1059 782 Κυμαῖοι
1091 716 1340 785 ἔγνωσαν,
1381 718 1686 783 συμβουλῆς

85 789 211 860 πέρι
240 790 297 845 ἐς
324 790 441 843 θεὸν
464 790 660 863 ἀνῷσαι
686 793 775 845 τὸν
806 792 861 845 ἐν
895 793 1235 864 Βραγχίδῃσι.
1278 791 1340 860 ἦν
1373 795 1474 865 γὰρ
1509 793 1684 847 αὐτόθι
1701 803 1726 845 3

86 865 343 937 μαντήἶον
369 868 425 921 ἐκ
450 871 675 922 παλαιοῦ
702 871 983 941 ἱδρυμένον,
1013 873 1086 945 τᾷ
1109 869 1285 927 Ἴωνές
1311 894 1368 925 τε
1392 874 1578 927 πάντες
1605 872 1685 925 καὶ

88 946 314 1002 Αἰολέες
340 946 568 1000 ἐώθεσαν
602 948 867 1018 χρέεσθαι.
910 952 941 1002 ό
968 950 1024 1003 δὲ
1057 955 1228 1020 χῶρος
1263 949 1411 1006 οὗτος
1446 951 1562 1003 ἐστὶ
1596 952 1687 1017 τῆς

90 1024 367 1091 Μιλησίης
387 1025 515 1095 ὑπὲρ
534 1028 810 1097 Πανόρμου
834 1026 1058 1096 λιμένος.
1286 1028 1598 1098 Πέμψαντες
1618 1027 1687 1081 ὃν
1712 1033 1820 1087 158

90 1126 145 1156 οι
203 1106 424 1170 Κυμαῖοι
464 1104 517 1159 ἐς
554 1104 675 1159 τοὺς
728 1105 1020 1177 Βραγχίδας
1071 1105 1406 1178 θεοπρόπους,
1449 1106 1688 1176 εἰρώτευν

95 1182 279 1251 “περὶ
312 1180 549 1249 Πακτύην
574 1185 743 1236 ὁκοῖόν
769 1205 819 1235 τι
844 1184 1102 1239 ποιέοντες
1129 1184 1298 1239 θεοῖσι
1323 1184 1570 1253 μέλλοιεν
1588 1206 1685 1253 χα-

96 1256 389 1331 ριεισθαι.”
426 1260 743 1332 ἐπειρωτῶσι
762 1261 822 1315 δέ
846 1263 951 1331 σφι
969 1266 1128 1315 ταῦτα
1153 1261 1468 1334 χρηστήριον
1489 1262 1688 1333 ἐγένετο

104 1338 414 1391 “ἐκδιδόναι
440 1337 679 1407 Πακτύην
708 1338 990 1411 Πέρσῃσιῖ
974 1338 1012 1361 ”
1079 1345 1248 1395 Ταῦτα
1275 1342 1383 1395 δε“
1359 1362 1426 1395 ως
1451 1340 1685 1408 ἀπενειχ-
1707 1358 1734 1399 2

103 1416 257 1470 θέντα
271 1419 497 1485 ἤκουσαν
512 1419 562 1470 οἱ
588 1420 820 1487 Κυμαιοι,
840 1419 1056 1489 ὁρμέατο
1077 1419 1340 1472 ἐκδιδόναι.
1372 1416 1690 1489 ὁρμεωμένου
1709 1436 1734 1478 3

106 1496 162 1549 δὲ
190 1493 347 1563 ταύτῃ
374 1498 465 1548 τοῦ
491 1494 735 1564 πλήθεος,
755 1495 1110 1567 Ἀριστόδικος
1136 1500 1166 1549 ό
1184 1496 1548 1567 Ἡρακλείδεω,
1567 1494 1692 1565 ἀνὴρ

106 1579 211 1627 τῶν
236 1574 409 1627 ἀστῶν
435 1574 531 1627 ἐὼν
558 1575 780 1643 δόκιμος,
809 1576 939 1643 ’ἔσχε
965 1574 1034 1643 μὴ
1061 1576 1277 1642 ποιῆσαι
1301 1578 1460 1627 ταῦτα
1495 1572 1691 1641 Κυμαί-

108 1674 218 1713 ους,
236 1652 497 1706 ἀπιστέων
509 1673 569 1704 τε
586 1656 659 1725 τῷ
677 1654 916 1725 χρησμῷ,
937 1653 1019 1705 καὶ
1039 1653 1228 1705 δοκέων
1243 1649 1362 1706 τοὺς
1377 1650 1696 1721 θεοπρόπους

110 1732 171 1783 οὐ
210 1730 382 1802 λέγειν
419 1730 666 1796 ἀληθέως·
724 1732 777 1786 ἐς
816 1730 863 1791 δ,
905 1732 966 1784 τὸ
1009 1728 1244 1801 δεύτερον
1281 1729 1400 1801 περὶ
1452 1726 1696 1782 Πακτύεω

113 1809 513 1879 ἐπειρησόμενοι,
536 1806 697 1877 ᾔεσαν
716 1809 873 1862 ἄλλοι
900 1809 1198 1881 θεοπρόποι,
1220 1814 1322 1862 τῶν
1346 1807 1428 1861 καὶ
1453 1807 1693 1879 Ἀριστό-

114 1889 252 1943 δικος
291 1884 370 1953 ἦν.
612 1886 957 1955 Ἀπικομένων
999 1888 1055 1941 δὲ
1098 1888 1152 1944 ἐς
1192 1886 1499 1959 Βραγχίδας,
1542 1887 1693 1957 ἐχρη-
1719 1884 1828 1939 159

118 1967 417 2035 στηριόζετο
458 1966 515 2019 ἐκ
554 1967 757 2019 πάντων
794 1965 1165 2037 Ἀριστόδικος,
1205 1965 1516 2037 ἐπειρωτέων
1553 1966 1695 2017 τάδε·

120 2039 241 2097 “Ὠ
269 2041 407 2111 Ι’ναξζ
444 2042 574 2112 ἦλθε
611 2043 730 2115 παρ’
771 2044 925 2112 ἡμέας
966 2042 1130 2111 ἱκέτης
1169 2042 1404 2111 Πακτύης
1445 2048 1474 2097 ὁ
1515 2044 1696 2107 Λυδὸς,
1715 2056 1742 2095 2

122 2120 327 2193 φεύγων
354 2122 573 2177 θάνατον
605 2123 777 2188 βίαιον
802 2124 933 2193 πρὸς
967 2122 1234 2191 Περσέων·
1279 2122 1330 2173 οἱ
1356 2121 1417 2174 δέ
1447 2141 1534 2189 μιν
1561 2120 1698 2185 ἐξαι-

122 2201 331 2265 τέονται,
360 2204 589 2271 προεῖναι
617 2201 873 2269 Κυμαίους
900 2198 1211 2253 κελεύοντες·
1256 2197 1398 2265 ἡμεῖς
1423 2199 1478 2251 δέ
1507 2196 1700 2263 δειμαί-

123 2300 289 2333 νοντες
337 2278 430 2346 τὴν
482 2280 731 2349 Περσέων
781 2277 1010 2344 δύναμιν,
1051 2278 1142 2329 τὸν
1183 2274 1348 2341 ἱκέτην
1394 2276 1446 2328 ἐς
1485 2274 1604 2326 τόδε
1643 2273 1704 2325 οὗ

124 2354 495 2425 τετολμηκαμεν
516 2357 781 2418 ἐκδιδόναι,
804 2357 925 2426 πρὶν
946 2356 1008 2407 ἂν
1027 2355 1087 2407 τὸ
1107 2354 1208 2407 ἀπὸ
1235 2355 1332 2405 σεῦ
1358 2351 1476 2419 ἡμῖν
1497 2350 1705 2419 δηλωθῇ

126 2434 367 2504 ἀτρεκέως
401 2437 612 2535 ὁκότερα
646 2430 932 2503 ποιέωμεν.’
1019 2432 1080 2483 ‘0
1116 2452 1210 2499 μεν
1243 2433 1401 2482 ταῦτα
1437 2430 1706 2499 ἐπειρώτα
1718 2442 1744 2481 8

129 2516 157 2567 ὁ
185 2512 225 2566 δ’
254 2510 391 2567 αὖτις
424 2515 515 2566 τὸν
546 2513 699 2566 αὐτόν
726 2514 831 2581 σφι
866 2512 1107 2580 χρησμὸν
1141 2510 1337 2577 ἔφαινε,
1367 2504 1588 2559 κελεύων
1624 2507 1705 2558 ἐκ-

130 2592 315 2647 διδόναι
340 2589 577 2658 Πακτύην
601 2589 862 2661 Πέρσῃσι.
904 2590 1036 2659 πρὸς
1055 2590 1214 2639 ταῦτα
1231 2588 1262 2638 ὁ
1280 2582 1680 2656 ΗΑριστόδικος
1653 2602 1707 2634 εκ
1723 2593 1750 2634 4
1835 2582 1840 2589 ’
