1975 2892
119 176 252 216 01.oe
287 175 348 220 Η
425 107 1127 154 MEAHOMENH.—-1v.
1163 107 1395 168 ¹53-156-
1588 99 1702 160 377

123 225 454 294 ἰσχνόφωνος
491 227 572 278 καὶ
610 227 846 296 τραυλὸς,
883 229 955 298 τῷ
990 228 1180 293 οὔνομα
1218 223 1364 290 ε’τέθη
1393 223 1601 285 Βάττος,
1632 225 1699 281 ὡς

125 303 340 373 Θηραῖοί
363 326 420 356 τε
445 305 526 356 καὶ
545 307 813 375 Κυρηναῖοι
831 304 1069 374 λέγουσι·
1114 304 1182 358 ὣς
1205 302 1376 370 μέντοι
1396 299 1497 372 ε’γῶ
1519 303 1694 363 δοκέω,

121 381 260 434 ἄλλο
291 395 359 433 τι·
441 384 633 437 Βάττος
672 383 728 435 δὲ
767 381 1133 449 μετωνομάσθη
1174 380 1287 434 ε’πεί
1324 402 1380 432 τε
1420 379 1473 435 ἒς
1505 380 1697 448 Λιβύην

121 459 350 520 ἀπίκετο,
379 461 480 514 ἀπό
507 483 562 514 τε
588 463 680 512 τοῦ
705 460 1023 529 χρηστηρίου
1062 463 1154 511 τοῦ
1180 458 1451 529 γενομένου
1478 457 1534 511 ἔν
1561 461 1694 511 Δελ-

121 539 278 606 φοῖσι
305 539 456 612 αὐτῷ,
486 540 568 590 καὶ
594 538 694 591 ἀπὸ
720 540 809 604 τῆς
835 539 978 604 τιμῆς
1005 537 1097 605 τὴν
1122 538 1267 605 ἔσχε,
1297 537 1389 604 τὴν
1413 535 1698 604 ε’πωνυμίην

119 613 434 684 ποιεύμενος.
479 616 666 680 Λίβυες
703 616 803 686 γὰρ
833 616 1060 680 βασιλέα
1094 616 1287 667 Βάττον
1322 615 1585 675 καλέουσι,
1614 615 1699 667 καὶ
1718 627 1743 666 2

118 691 305 746 τούτου
337 691 498 746 εἵνεκα
539 693 696 746 δοκέω
740 693 1089 758 θεσπίζουσαν
1122 694 1213 760 τὴν
1250 691 1447 760 Πυθίην
1481 693 1696 745 καλέσαι

117 793 206 839 μιν
253 774 447 840 Λιβυκῇ
497 772 741 842 γλώσσῃ,
786 771 974 824 εἰδυῖαν
1027 772 1095 826 ώς
1144 770 1397 836 βασιλεὺς
1449 772 1596 823 ἔσται
1642 769 1698 822 έν

120 846 306 916 Λιβύῃ.
350 847 463 902 έπεί
499 871 556 901 τε
592 850 693 920 γὰρ
733 846 960 919 ἠνδρώθη
1002 848 1166 909 οὗτος,
1205 845 1333 916 ἦλθε
1368 847 1424 903 ές
1456 847 1693 917 Δελφοὺς
1714 855 1739 896 8

116 927 236 996 περὶ
262 929 351 994 τῆς
377 928 568 996 φωνῆς·
613 926 960 997 ἔπειρωτέοντι
1002 927 1059 980 δέ
1084 929 1133 980 οἱ
1167 928 1270 996 χρᾷ
1294 925 1323 993 ἦ
1361 926 1526 994 Πυθίη
1554 927 1689 979 τάδε·

224 1009 384 1068 Βάττ’,
412 1011 487 1059 ἐπὶ
511 1012 671 1074 φωνὴν
691 1012 852 1068 ἦλθες·
879 1012 993 1072 ἅναξ
1016 1013 1068 1059 δέ
1092 1029 1149 1059 σε
1169 1013 1339 1066 Φοῖβος
1359 1009 1610 1059 Ἀπόλλων
1712 1009 1739 1050 4

296 1079 342 1126 ἐς
365 1075 547 1132 Λιβύην
567 1074 739 1133 πέμπει
763 1077 1071 1135 μηλοτρόφον
1093 1074 1355 1131 οἰκιστῆρα.

117 1155 295 1225 ὥσπερ
322 1155 367 1208 εί
402 1153 534 1210 ε’ίποι
558 1155 775 1210 Ἐλλάδι
812 1158 1038 1228 γλώσσῃ
1074 1157 1352 1227 χρεωμένη·
1438 1151 1557 1208 “⁹0
1592 1158 1688 1220 βα-
1712 1167 1737 1209 6

118 1236 288 1294 σιλεῦ,
317 1231 402 1287 ε’πὶ
429 1234 605 1304 φωνὴν
630 1231 844 1302 ἦλθες.”
898 1233 958 1288 ‘0
987 1234 1031 1288 δ’
1060 1236 1304 1303 ἀμείβετσ
1326 1235 1523 1288 τοῖσδε·
1569 1229 1688 1285 “Ὠ
1712 1247 1737 1286 Β

104 1308 242 1378 'unffi
291 1310 393 1382 ε’γὼ
431 1313 524 1380 μὲν
575 1309 736 1380 ἦλθον
778 1313 916 1381 παρὰ
959 1314 1024 1365 σὲ
1065 1316 1386 1382 χρησόμενος
1435 1313 1555 1382 περὶ
1600 1313 1690 1378 τῆς

113 1389 310 1458 φωνῆς·
357 1390 426 1443 σὺ
451 1388 516 1444 δέ
532 1413 620 1458 μοι
655 1391 794 1443 ἅλλα
827 1388 1047 1443 ἀδύνατα
1079 1393 1223 1460 χρᾷς,
1254 1388 1473 1442 κελεύων
1500 1387 1693 1456 Λιβύην

113 1467 406 1532 ἀποικίζειν·
452 1467 548 1540 τέῳ
585 1469 825 1536 δυνάμει;
883 1469 994 1535 κοίῃ
1033 1467 1170 1537 χειρί
1189 1464 1250 1528 ;”
1293 1472 1461 1520 Ταῦτα
1501 1467 1686 1537 λέγων,
1710 1481 1735 1524 Ἰ

113 1545 223 1599 οὐκὶ
275 1545 445 1599 ἔπειθε
497 1548 635 1598 ἄλλα
687 1548 736 1598 οἱ
785 1547 936 1616 χρᾶν.
996 1546 1064 1601 ὥς
1108 1546 1164 1598 δὲ
1205 1546 1331 1598 κατὰ
1382 1546 1539 1598 τάυτὰ
1576 1544 1686 1596 ἐθέ-

113 1624 268 1688 σπιζέ
317 1625 367 1676 οἱ
419 1625 500 1676 καὶ
551 1627 817 1694 πρότερον,
875 1620 1047 1692 οἴχετο
1099 1623 1291 1689 μεταξὺ
1342 1623 1609 1677 ἀπολιπών
1660 1626 1691 1677 ὁ

112 1702 304 1756 Βάττος
342 1697 394 1756 ές
432 1701 524 1769 τὴν
550 1701 735 1772 Θήρην.
992 1702 1137 1754 Μετὰ
1178 1702 1250 1765 δὲ,
1280 1701 1416 1774 αὐτῷ
1445 1723 1500 1753 τε
1526 1699 1689 1774 τούτῳ
1714 1703 1828 1757 156

116 1780 199 1832 καὶ
233 1782 373 1832 τοῖσι
415 1780 628 1832 ἄλλοισι
665 1780 935 1850 Θηραίοισι
994 1778 1306 1850 συνεφέρετο
1346 1782 1682 1850 παλιγκότως.

110 1856 406 1927 ἀγνοεῦντες
463 1858 520 1911 δὲ
584 1859 675 1912 τὰς
728 1858 1003 1927 συμφορὰς
1062 1859 1112 1911 οἱ
1172 1860 1401 1927 Θηραῖοι,
1464 1859 1684 1924 ἔπεμπον
1707 1872 1733 1912 2

109 1933 166 1989 ε’ς
210 1935 453 2004 Δελφοὺς
495 1937 614 2005 περὶ
656 1941 755 1989 τῶν
791 1942 1083 2005 παρεόντων
1128 1942 1309 1989 κακῶν.
1358 1935 1389 2002 ἦ
1426 1936 1481 1989 δὲ
1522 1935 1687 2002 Πυθίη

111 2014 215 2081 σφι
255 2015 447 2083 ἔχρησε
488 2015 820 2084 συγκτίζουσι
862 2017 1038 2087 Βάττῳ
1085 2013 1316 2085 Κυρῆνην
1361 2015 1452 2082 τῆς
1497 2012 1687 2081 Λιβύης

14 2149 16 2154 ,
108 2091 312 2158 ἄμεινον
335 2088 562 2161 πρῆξειν.
641 2091 998 2146 Ἀπέστελλον
1032 2094 1159 2161 μετὰ
1193 2096 1351 2145 ταῦτα
1380 2095 1471 2144 τὸν
1497 2093 1685 2144 Βάττον
1706 2107 1729 2147 8

14 2165 16 2206 5
109 2170 160 2222 οἱ
197 2171 406 2238 Θηραῖοι
446 2167 538 2222 δύο
572 2170 1033 2241 πεντηκοντέροισι.
1077 2172 1379 2224 πλώσαντες
1415 2169 1470 2221 δὲ
1509 2168 1564 2222 ἒς
1597 2168 1687 2236 τὴν

108 2245 303 2313 Λιβύην
337 2245 494 2307 οὗτοι,
525 2247 586 2299 οὐ
618 2248 719 2318 γὰρ
759 2243 901 2316 εἶχον
926 2247 956 2301 ὅ
981 2269 1031 2300 τι
1070 2247 1286 2301 ποιέωσι
1322 2246 1477 2306 ἄλλο,
1516 2246 1684 2300 ὀπίσω

107 2325 516 2378 ἀπαλλάσσοντο
551 2323 604 2380 ές
629 2325 721 2393 τὴν
747 2324 934 2395 Θήρην.
979 2327 1029 2379 οἱ
1069 2325 1125 2378 δὲ
1153 2327 1365 2394 Θηραῖοι
1406 2327 1679 2392 καταγομέ-
1707 2341 1732 2380 4

109 2424 227 2458 νους
278 2404 523 2467 ἔβαλλον,
573 2405 654 2456 καὶ
698 2404 789 2457 οὐκ
831 2405 926 2456 ἔων
971 2407 1032 2470 τῇ
1077 2408 1146 2473 γῇ
1186 2403 1515 2472 προσίσχειν,
1564 2398 1685 2455 ἀλλ’

107 2481 278 2535 ὀπίσω
316 2483 510 2534 πλώειν
550 2481 804 2534 ε’κέλευον.
863 2483 912 2534 οἱ
954 2483 1029 2540 δὲ,
1068 2481 1475 2551 ἀναγκαζόμενοι,
1514 2479 1680 2533 ὀπίσω
1706 2498 1730 2537 5

109 2559 398 2614 ἀπέπλωον·
444 2560 526 2613 καὶ
563 2557 770 2614 ἔκτισαν
807 2561 968 2622 νῆσον
1008 2559 1092 2613 ἐπὶ
1132 2555 1298 2626 Λιβύῃ
1342 2557 1583 2628 κειμένην,
1622 2563 1680 2626 τῇ
