1975 2892
141 171 202 211 01.
223 171 269 211 68
303 169 361 216 8]
439 102 1139 150 MEAHOMENH.—-1v.
1176 114 1404 162 149-152.
1602 92 1715 149 375

140 221 575 289 περιπλανώμενοι
603 220 658 273 δὲ
693 221 848 288 αὐτὴν
884 219 1043 281 οὗτοι,
1074 221 1316 274 ἀπίκοντο
1344 221 1425 273 καὶ
1452 219 1505 275 ἐς
1518 218 1723 274 Ἴτανον
1742 233 1767 273 8

141 304 312 356 πόλιν·
359 299 411 350 ἐν
445 297 600 366 ταύτῃ
642 299 696 352 δέ
738 298 1097 368 συμμίσγουσι
1143 299 1289 368 ἀνδρὶ
1328 299 1609 369 πορφυρέῖ,
1653 301 1725 370 τῷ

143 383 332 446 οὕνομα
363 377 447 442 ἔην
484 379 764 446 Κορώβιος·
813 375 870 431 ὃς
909 377 1012 444 ἔφη
1054 375 1137 430 ὑπ’
1176 376 1370 443 ἀνέμων
1410 375 1725 445 ἀπενειχθεὶς

136 454 410 509 ἀπικέσθαι
457 455 510 509 ἐς
557 453 767 521 Λιβύην,
813 455 894 506 καὶ
932 453 1125 521 Λιβύης
1168 455 1220 508 ἐς
1264 456 1502 507 Πλατέαν
1545 457 1722 521 νῆσον.

139 533 311 605 μισθῷ
337 534 392 585 δὲ
418 537 600 586 τοῦτον
625 533 894 586 πείσαντες
912 530 1041 602 ἦγον
1067 534 1118 586 ἐς
1146 531 1333 600 Θήρην.
1379 533 1433 584 ἐκ
1471 533 1527 584 δὲ
1559 531 1725 601 Θήρης
1746 540 1773 581 4

141 612 326 663 ἔπλεον
352 613 665 668 κατάσκοποι
701 611 877 680 ἄνδρες
903 612 966 662 τὰ
993 615 1186 680 πρῶτα,
1218 611 1277 662 οὗ
1317 611 1529 664 πολλοί.
1575 631 1723 676 κατη-

139 689 430 758 γησαμένου
459 689 515 740 δέ
541 690 632 740 τοῦ
661 688 934 758 Κορωβίου
961 689 1014 742 ἐς
1040 689 1131 755 τὴν
1152 691 1309 756 νῆσον
1336 686 1521 754 ταύτην
1548 688 1609 755 δὴ
1636 687 1729 754 τὴν

141 768 398 827 Πλατέαν,
436 768 526 818 τὸν
569 766 662 832 μὲν
708 768 976 836 Κορώβιον
1021 768 1282 827 λείπουσι,
1331 766 1471 819 σιτία
1517 769 1725 818 καταλι-

140 846 323 898 πόντες
358 843 498 897 ὅσων
533 844 593 912 δὴ
625 850 808 912 μηνῶν·
860 845 1005 898 αὐτοὶ
1041 845 1097 897 δὲ
1134 847 1319 898 ἔπλεον
1354 844 1445 911 τὴν
1476 843 1729 912 ταχίστην

142 921 548 992 ἀπαγγελέοντες
574 922 846 992 Θηραίοισι
881 924 1000 992 περὶ
1028 924 1113 990 τῆς
1144 921 1325 990 νήσου.
1567 921 1724 974 Ἀπο-
1753 921 1861 975 152

143 999 430 1066 δημεόντων
457 1001 512 1052 δὲ
553 998 746 1052 τούτων
770 1000 911 1054 πλέω
939 1003 1127 1068 χρόνον
1154 1005 1245 1053 τοῦ
1279 999 1612 1071 συγκειμένου
1638 1001 1728 1051 τὸν

145 1079 416 1146 Κορώβιον
443 1078 661 1130 ἐπέλιπε
700 1078 764 1129 τὰ
802 1080 984 1131 πάντα.
1028 1079 1156 1145 μετὰ
1196 1079 1251 1131 δὲ
1288 1081 1405 1144 νηῦς
1432 1079 1609 1145 Σαμίη,
1639 1078 1728 1144 τῆς

143 1153 426 1225 ναύκληρος
467 1157 552 1222 ἔην
586 1158 834 1216 Κωλαῖος,
864 1155 1101 1210 πλέουσα
1144 1155 1222 1208 ἐπ’
1271 1154 1550 1227 Αἰγύπτου,
1595 1155 1724 1221 ἀπη-

145 1233 322 1302 νείχθη
351 1234 402 1288 ἐς
436 1233 528 1300 τὴν
554 1234 791 1286 Πλατέαν
823 1233 1026 1301 ταύτην.
1069 1234 1345 1303 πυθόμενοι
1383 1235 1439 1287 δὲ
1474 1236 1523 1287 οἷ
1551 1235 1729 1301 Σάμιοι
1748 1243 1774 1284 2

143 1313 285 1380 παρὰ
309 1315 402 1364 τοῦ
432 1311 702 1381 Κορωβίου
732 1313 822 1364 τὸν
845 1314 1010 1366 πάντα
1044 1315 1223 1382 λόγον,
1256 1312 1397 1364 σιτία
1423 1314 1472 1364 οἶ
1500 1312 1730 1364 ἐνιαυτοῦ

145 1389 535 1442 καταλείπουσι.
592 1390 736 1442 αὐτοὶ
776 1390 830 1442 δὲ
871 1390 1169 1458 ἀναχθέντες
1214 1390 1268 1442 ἐκ
1307 1391 1396 1456 τῆς
1426 1387 1605 1456 νήσου,
1650 1389 1730 1441 καὶ
1752 1402 1777 1442 8

144 1470 448 1538 γλιχόμενοι
487 1466 764 1537 Αἰγύπτου,
805 1469 1008 1528 ἔπλεον,
1048 1468 1426 1537 ἀποφερόμενοι
1467 1467 1729 1533 ἀπηλιώτῃ

145 1545 331 1617 ἀνέμῳ·
376 1546 475 1606 καὶ,
505 1546 567 1597 οὔ
600 1546 702 1616 γὰρ
729 1545 856 1598 ἀνίει
881 1547 941 1597 τὸ
977 1549 1191 1612 πνεῦμα,
1219 1544 1507 1613 Ἡρακλέας
1535 1542 1731 1612 στήλας

149 1621 588 1693 διεκπερήσαντες,
638 1623 877 1676 ἀπίκοντο
933 1623 984 1677 ἐς
1030 1625 1354 1692 Ταρτησσὸν,
1401 1621 1511 1688 θείῃ
1553 1622 1731 1688 πομπῇ

147 1704 446 1771 χρεώμενοι.
506 1704 566 1754 rb
607 1701 663 1754 δὲ
703 1701 945 1770 ἐμπόρων
982 1703 1135 1753 τοῦτο
1166 1698 1229 1766 ἦν
1264 1698 1513 1770 ἀκήρατον
1552 1703 1733 1752 τοῦτον
1754 1713 1781 1753 4

149 1781 240 1831 τὸν
264 1782 471 1847 χρόνον·
516 1779 652 1831 ὥστε
669 1776 1119 1845 ἀπονοστήσαντες
1145 1777 1286 1831 οὗτοι
1302 1779 1491 1837 ὀπίσω,
1513 1778 1734 1848 μέγιστα

151 1856 212 1923 δὴ
239 1855 504 1923 Ἑλλήνων
527 1858 747 1916 πάντων,
777 1861 878 1909 τῶν
903 1855 1045 1923 ἡμεῖς
1071 1856 1303 1925 ἀτρεκίην
1328 1853 1488 1924 ἴδμεν,
1514 1857 1567 1908 ἐκ
1594 1856 1731 1924 φορ-

151 1934 274 1986 τίων
308 1935 602 2004 ἐκέρδησαν,
635 1935 762 2001 μετά
792 1955 855 2004 γε
893 1936 1199 2004 Σώστρατον
1234 1938 1323 1986 τὸν
1358 1935 1731 2001 Λαοδάμαντος,

151 2010 440 2081 Αἶγινήτην·
483 2010 648 2083 τούτῳ
673 2013 774 2082 γὰρ
801 2013 892 2064 οὐκ
928 2008 1012 2064 οἷά
1038 2013 1095 2065 τέ
1121 2013 1235 2064 ἐστι
1264 2012 1432 2082 ἐρίσαι
1458 2013 1640 2065 ἄλλον.
1685 2011 1734 2062 οἱ
1756 2024 1782 2064 ³

153 2090 208 2142 δὲ
236 2092 413 2158 Σάμιοι
439 2089 530 2156 τὴν
556 2091 764 2155 δεκάτην
790 2096 892 2142 τῶν
921 2091 1216 2161 ἐπικερδίων
1244 2091 1521 2156 ἐξελόντες,
1553 2090 1611 2154 ἓξ
1646 2089 1733 2140 τά·

151 2170 330 2227 λαντα,
361 2166 667 2234 ἐποιήσαντο
703 2165 968 2236 χαλκήΐον,
1001 2170 1247 2236 κρητῆρος
1271 2167 1577 2237 Ἀργολικοῦ
1616 2168 1733 2235 τρό-

151 2257 268 2299 πον·
313 2246 463 2315 πέριξ
489 2247 544 2298 δὲ
572 2245 728 2297 αὐτοῦ
753 2251 962 2313 γρυπῶν
988 2245 1212 2313 κεφαλαὶ
1250 2245 1575 2314 πρόκροσσοί
1610 2243 1732 2295 εἶσι·

157 2326 238 2375 καὶ
276 2323 520 2390 ἀνέθηκαν
559 2323 610 2377 ἐς
649 2325 707 2375 τὸ
737 2322 976 2392 Ἠραιον,
1009 2320 1394 2388 ὑποστήσαντες
1434 2322 1568 2393 αὐτῷ
1602 2323 1737 2391 τρεῖς

154 2401 406 2470 χαλκέους
425 2401 721 2454 κολοσσοὺς
748 2399 1086 2468 ἑπταπήχεας,
1126 2403 1264 2451 τοῖσι
1299 2397 1514 2469 γούνασι
1543 2399 1733 2468 ἐρηρει-

158 2478 392 2546 σμένους.
438 2479 768 2548 Κυρηναίοισι
805 2479 858 2530 δὲ
889 2480 970 2530 καὶ
1010 2478 1280 2546 Θηραίοισι
1317 2477 1369 2532 ἐς
1395 2477 1611 2543 Σαμίους
1637 2477 1736 2529 ἀπὸ
1756 2489 1782 2530 G

158 2555 344 2611 τούτου
368 2560 460 2609 τοῦ
487 2557 641 2628 ἔργου
674 2561 853 2628 πρῶτα
879 2557 1055 2626 φιλίαι
1079 2556 1298 2624 μεγάλαι
1330 2553 1730 2625 συνεκρήθησαν.
