1975 2892
635 79 1012 126 KAEm.—-1.
1042 78 1216 129 62-66.
1632 83 1709 140 33

131 139 196 178 01.
215 138 276 178 sa
295 137 436 179 1--58.
452 138 510 188 3.]

125 209 265 276 μάχῃ
311 207 690 266 ἐπεπτώκεσαν,
734 209 782 259 οἱ
830 208 886 261 δὲ
935 207 1101 261 αὐτῶν
1137 207 1267 277 μετὰ
1306 208 1713 277 Ἀλκμαιωνίδεω

127 287 350 355 ἔφευγον
377 285 433 337 ἔκ
459 288 552 352 τῆς
577 281 788 352 οῖκηΐης.
1714 309 1721 317 ·

207 363 338 418 Τοὺς
377 364 472 432 μέν
515 387 602 418 νυν
641 364 936 432 Ἀθηναίους
975 369 1183 418 τοιαῦτα
1222 367 1312 418 τὸν
1352 367 1539 436 χρόνον
1578 367 1693 416 τοῦ·
1731 362 1809 418 65

127 461 220 492 τον
263 441 566 497 ἐπυνθάνετο
609 446 639 496 ὁ
681 446 905 514 Κροῖσος
947 443 1238 512 κατέχοντα·
1278 444 1397 499 τοὺς
1438 445 1495 496 δὲ
1538 453 1694 496 Λακε-

122 519 412 586 δαιμονίους
439 518 495 570 ἔκ
523 523 686 570 κακῶν
711 540 769 571 τε
793 520 1033 589 μεγάλων
1057 521 1401 591 πεφευγότας,
1426 524 1509 576 καὶ
1532 522 1711 577 ἐόντας

119 599 217 664 ἤδη
265 601 338 667 τῷ
389 597 602 669 πολέμῳ
659 597 1062 668 κατυπερτέρους
1106 599 1413 669 Τεγεητέων.
1482 599 1569 654 ἐπὶ
1611 601 1711 670 γὰρ
1728 609 1756 649 2

120 676 341 730 Λέοντος
364 673 743 740 βασιλεύοντος
769 676 851 727 καὶ
876 674 1228 746 Ἡγησικλέος
1258 676 1315 730 ἐν
1341 680 1564 749 Σπάρτῃ,
1593 679 1713 734 τοὺς

118 753 320 808 ἄλλους
365 753 628 820 πολέμους
673 752 1000 820 εὐτυχέοντες
1046 755 1096 807 οἶ
1136 756 1537 824 Λακεδαιμόνιοι,
1580 758 1709 827 πρὸς

117 829 370 900 Τεγεήτας
415 828 636 898 μούνους
681 831 1051 900 προσέπταιον.
1124 833 1183 886 τὸ
1231 834 1287 886 δὲ
1333 835 1407 887 ἔτι
1458 838 1750 905 πρότερονο

115 907 334 970 τούτων,
365 908 448 960 καὶ
475 910 881 975 κακονομώτατοι
907 907 1042 975 ἦσαν
1071 912 1263 979 σχεδὸν
1286 913 1489 966 πάντων
1514 912 1707 981 Ἑλλή-

114 1009 238 1047 νων,
269 987 398 1039 κατά
435 1008 495 1039 τε
535 985 708 1055 σφέας
747 987 947 1047 αὐτοὺς,
978 989 1061 1041 καὶ
1100 989 1318 1054 ξείνοισι
1344 991 1704 1062 ἀπρόσμικτοι.

113 1065 408 1134 μετέβαλον
433 1064 489 1116 δὲ
518 1065 616 1116 ὦδε
643 1063 698 1118 ἒς
724 1065 980 1133 εὐνομίην.
1063 1064 1378 1138 Λυκούργου,
1407 1074 1508 1122 τῶν
1534 1077 1702 1140 Σπαρ-
1723 1079 1751 1121 4

113 1142 331 1209 τιητέων
371 1141 582 1209 δοκίμου
622 1143 822 1213 ἀνδρὸς,
858 1142 1105 1199 ἐλθόντος
1144 1144 1200 1200 ἐς
1239 1146 1482 1215 Δελφοὺς
1520 1145 1607 1202 ε’πὶ
1646 1149 1708 1201 τὸ

109 1218 452 1292 χρηστήριον,
497 1220 565 1274 ὧς
610 1218 756 1288 ε’σήῖε
801 1219 856 1276 ἐς
894 1223 956 1274 το·
994 1223 1236 1294 μέγαρον,
1278 1223 1491 1279 εὖθὺς“
1465 1247 1496 1293 η
1537 1223 1703 1295 Πυθίη

109 1299 262 1370 λέγει
287 1297 428 1350 τάδε·

161 1401 346 1461 Ἥκεις,
371 1403 407 1452 ὦ
427 1401 683 1467 Λυκόοργε,
711 1403 824 1456 ἐμὸν
843 1403 954 1452 ποτὶ
975 1405 1113 1452 πίονα
1134 1405 1278 1462 νηὸν,-

175 1467 289 1525 Ζηνὶ
311 1467 450 1529 φίλος
473 1468 550 1516 καὶ
571 1470 716 1515 πᾶσιν
736 1467 974 1526 Ὀλύμπια
994 1469 1165 1527 δώματ’
1188 1468 1371 1529 ἔχουσι,

176 1530 287 1590 διζῶ
307 1532 340 1587 ἤ
363 1547 422 1579 σε
444 1532 552 1579 θεὸν
549 1531 901 1614 μαντεύσομαι,
926 1533 957 1589 ἢ
980 1532 1233 1593 ἄνθρωπον.

176 1595 293 1643 ἀλλ’
317 1593 390 1643 ετι
411 1595 488 1643 καὶ
507 1597 699 1654 μᾶλλον
721 1595 827 1642 θεὸν
850 1596 1065 1656 ἔλπομαι,
1091 1594 1127 1642 ὦ
1146 1591 1403 1656 Λυκόοργε.

109 1690 182 1742 Οἱ
209 1688 304 1756 μὲν
324 1685 384 1754 δή
412 1707 544 1740 τινες
568 1687 701 1756 πρὸς
725 1683 958 1739 τούτοισι
969 1684 1205 1786 α-λέγουσι
1232 1687 1316 1738 και
1336 1687 1541 1756 φράσαι
1568 1686 1701 1759 αὐτῷ
1717 1697 1743 1737 6

105 1767 208 1834 τὴν
251 1765 450 1832 Πυθίην
488 1766 578 1817 τὸν
617 1769 706 1818 νῦν
744 1769 1065 1817 κατεστεῶτα
1104 1765 1302 1832 κόσμον
1336 1762 1699 1834 Σπαρτιήτῃσι.

106 1847 184 1900 ὦς
222 1843 267 1897 δ’
305 1844 450 1897 αὐτοι
485 1843 866 1910 Λακεδαιμόνιοι
900 1843 1137 1910 λέγουσι,
1168 1846 1462 1914 Λυκοῦργον
1498 1840 1699 1914 ἐπιτρο-

103 1921 382 1980 πεύσαντα
409 1921 716 1984 Λεωβώτεω,
746 1921 1059 1989 ἀδελφιδέου
1094 1941 1187 1988 μεν
1212 1921 1420 1982 εωυτοῦ,
1447 1919 1700 1986 βασιλεύ-

103 2023 266 2055 οντος
295 2001 350 2052 δὲ
378 1999 746 2068 Σπαρτιητέων,
777 1997 835 2050 ἐκ
863 1997 1063 2067 Κρήτης
1088 1999 1375 2068 ἀγαγέσθαι
1400 2003 1577 2051 ταῦτα.
1636 2000 1704 2053 ὧς

96 2080 218 2152 γὰρ
245 2077 620 2169 ενι-ετρόπευσε,ι
620 2077 862 2144 τάχιστα,
890 2075 1181 2144 μετέστησε
1215 2077 1281 2128 τὰ
1306 2079 1491 2144 νόμιμα
1516 2077 1700 2134 πάντα,

103 2160 200 2211 καὶ
237 2153 486 2224 ἐφύλαξε
528 2157 687 2206 ταῦτα
731 2153 798 2222 μὴ
838 2156 1191 2224 παραβαίνειν.
1262 2155 1389 2222 μετὰ
1429 2155 1504 2213 δὲ,
1546 2153 1610 2204 τα
1650 2150 1703 2206 ἔς
1720 2163 1745 2206 7

101 2233 408 2302 πόλεμον*ν
379 2253 581 2301 εχοντα,
611 2231 886 2300 ἐνωμοτίας
913 2252 995 2284 και
1022 2231 1291 2301 τριηκάδας
1318 2251 1399 2282 και
1428 2229 1701 2290 συσσίτια,

99 2315 250 2385 πρός
296 2331 354 2363 τε
398 2308 630 2363 τούτοισι
675 2310 795 2364 τοὺς
833 2306 1059 2380 ε’φόρους
1106 2309 1189 2361 καὶ
1226 2311 1469 2378 γέροντας
1509 2307 1703 2374 εστησε

105 2393 435 2459 Λυκοῦργος.
634 2385 780 2442 Ουτω
807 2409 900 2454 μεν
925 2387 1303 2455 μεταβαλόντες
1330 2383 1697 2453 εὐνομήθησαν.
1720 2387 1798 2439 66

28 2491 36 2502 ·
103 2473 186 2542 τῷ
233 2469 292 2522 δε
321 2463 596 2539 Λυκούργῳ
621 2463 986 2531 τελευτήσαντι
1016 2465 1125 2533 ιρὸν
1152 2463 1427 2529 εἱσάμενοι,
1459 2462 1703 2525 σέβονται
1734 2489 1776 2518 Α
1790 2488 1829 2519 0

104 2549 379 2618 μεγάλως.
448 2567 530 2598 οια
569 2545 624 2598 δε
665 2566 720 2597 εν
759 2565 816 2596 τε
854 2543 1000 2610 χώρῃ
1041 2539 1252 2610 ἀγαθῇ,
1268 2540 1350 2590 καὶ
1388 2538 1577 2606 πλήθεΐ
1614 2540 1704 2590 οὐκ
1742 2527 1832 2570 ⁸⁰⁷·

898 2633 936 2669 D

175 2649 284 2680 Tou.
308 2648 337 2678 1.

1878 2613 1953 2820 A
