1975 2892
266 105 345 161 54
855 118 1258 165 ΗΡοΔοΤοΥ

1377 172 1492 221 [με.
1507 172 1603 218 εισι
1620 174 1685 214 01.
1705 176 1766 215 ιε.
1789 178 1826 218 3.

269 229 413 297 θῆναι
450 229 588 297 παρὰ
628 228 792 298 σφίσι
829 228 1068 301 λέγουσι,
1109 232 1192 284 καὶ
1231 233 1516 302 Τυρσηνίην
1552 229 1838 285 ἀποικίσαι·

271 307 370 359 ὦδε
394 307 511 376 περὶ
537 307 701 360 αὐτῶν
725 308 985 378 λέγοντες.
1043 309 1129 361 ἐπὶ
1143 308 1336 364 Ἀτυος
1359 313 1452 361 τοῦ
1481 310 1661 361 Μάνεω
1688 312 1853 373 βασι·

269 384 388 439 λέος
415 378 677 451 σιτοδηΐην
704 383 925 456 ἰσχυρὴν
951 386 1046 439 άνα
1072 388 1164 453 τὴν
1180 386 1368 454 Λυδίην
1391 390 1566 441 πᾶσαν
1589 386 1852 457 γενέσθαι·

272 461 353 514 καὶ
377 460 497 515 τοὺς
517 461 711 517 Λυδοὺς
736 462 861 517 τέως
886 464 979 531 μὲν
1007 464 1198 533 διάγειν
1222 464 1574 535 λιπαρέοντας·
1617 464 1748 532 μετὰ
1775 465 1853 529 δὲ,

272 539 339 594 ὣς
365 539 425 591 οὗ
452 536 725 601 παύεσθαι,
755 540 877 593 ἄκεα
912 541 1169 607 δίζησθαι·
1212 541 1378 594 ἄλλον
1405 542 1460 594 δὲ
1495 542 1629 593 ἄλλο
1666 542 1853 608 ε’πιμη·

219 630 247 672 4
268 616 525 685 χανᾶσθαι
551 617 732 670 αὐτῶν.
780 618 1097 689 ἐξευρεθῆναι
1125 619 1185 686 δὴ
1215 618 1284 671 ὣν
1303 622 1419 671 τότε
1447 620 1528 671 καὶ
1553 624 1654 672 τῶν
1679 618 1856 681 κύβων

270 695 351 746 καὶ
377 700 479 747 τῶν
505 694 865 765 ἀστραγάλων,
894 696 974 748 καὶ
1012 698 1102 763 τῆς
1137 696 1385 767 σφαίρης,
1415 698 1494 750 καὶ
1522 702 1623 749 τῶν
1647 698 1858 750 ἀλλέων

268 770 477 824 πασέων
502 772 773 841 παιγνιέων
798 774 862 826 τὰ
896 771 1049 834 εἴδεα,
1077 774 1214 842 πλὴν
1237 778 1472 828 πεσσῶν.
1528 772 1726 827 τούτων
1750 776 1856 845 γὰρ

222 864 248 905 3
271 846 340 900 ὧν
365 847 456 915 τὴν
482 846 747 919 ἐξεύρεσιν
768 851 859 903 οὐκ
885 850 1189 917 οἷκηῖοῦνται
1216 851 1393 905 Λυδοί.
1432 851 1623 905 ποιέειν
1643 852 1700 904 δὲ
1729 852 1851 913 ὧδε,

268 925 398 993 πρὸς
422 927 513 978 τὸν
536 929 691 993 λιμὸν
716 927 1029 998 ἐξευρόντας·
1063 929 1156 996 τὴν
1180 930 1274 998 μὲν
1299 929 1474 998 ἑτέρην
1499 935 1600 981 τῶν
1625 928 1858 999 ἡμερέων

271 1002 465 1067 παίζειν
490 1006 679 1064 πᾶσαν,
709 1002 791 1057 ἵνα
826 1005 886 1073 δὴ
921 1005 990 1074 μὴ
1025 1006 1245 1072 ζητέοιεν
1271 1008 1431 1060 σιτία·
1473 1007 1566 1074 τὴν
1591 1008 1646 1060 δὲ
1675 1008 1858 1076 ἑτέρην

272 1079 555 1141 σιτέεσθαι,
584 1082 897 1149 παυομένους
935 1089 1039 1135 τῶν
1075 1085 1363 1154 παιγνιέων.
1421 1083 1636 1155 τοιούτῳ
1672 1088 1856 1156 τρόπῳ

223 1176 249 1217 ο
272 1157 465 1228 διάγειν
504 1156 581 1211 ἐπ’
623 1159 738 1212 ἔτεα
778 1160 909 1213 δυῶν
948 1161 1128 1215 δέοντα
1167 1160 1350 1215 εἴκοσι.
1415 1161 1526 1215 ἐπεί
1564 1183 1620 1214 τε
1659 1162 1715 1214 δὲ
1757 1164 1857 1215 οὐκ

270 1234 458 1287 άνιέναι
484 1237 543 1288 τὸ
581 1237 749 1297 κακὸν,
778 1237 898 1290 ἀλλ’
927 1238 1013 1291 ἐπὶ
1046 1242 1252 1307 μᾶλλον
1285 1240 1359 1291 ἔτι
1392 1239 1684 1304 βιάζεσθαι,
1711 1236 1854 1292 οὕτω

270 1312 332 1380 δὴ
359 1314 448 1365 τὸν
472 1314 700 1377 βασιλέα
725 1315 906 1375 αὐτῶν,
930 1314 1022 1370 δύο
1047 1317 1229 1387 μοίρας
1255 1318 1490 1369 διελόντα
1515 1318 1694 1370 Λυδῶν
1715 1319 1851 1370 πάν-

274 1410 389 1452 των,
419 1394 699 1461 κληρῶσαι,
728 1392 819 1460 τῆν
843 1415 937 1460 μεν
970 1394 1056 1447 ε’πι
1089 1397 1236 1462 μονῇ,
1265 1395 1356 1462 τὴν
1383 1395 1439 1448 δε
1475 1396 1560 1449 ἐπι
1595 1396 1756 1467 ἐξόδῳ
1793 1396 1854 1449 ἐκ

225 1488 251 1531 γ
273 1470 362 1535 τῆς
394 1470 584 1539 χώρης.
641 1470 723 1522 και
763 1470 848 1523 ἐπὶ
887 1492 980 1538 μεν
1014 1472 1078 1539 τῇ
1115 1472 1283 1539 μένειν
1316 1473 1472 1525 αὑτοῦ
1510 1471 1852 1543 λαγχανούσῃ

270 1550 372 1598 τῶν
404 1546 621 1616 μοιρέων
656 1547 843 1601 ἑωυτὸν
876 1549 966 1601 τὸν
999 1550 1225 1613 βασιλέα
1258 1552 1633 1619 προστάσσειν·
1679 1551 1764 1603 ε’πι
1791 1552 1851 1603 δε

270 1624 334 1689 τῆ
360 1624 821 1692 ἀπαλλασσομένῃ,
845 1621 994 1678 τὸν”
966 1631 1156 1679 εωυτοῦ
1191 1628 1363 1690 παῖδα,
1393 1631 1466 1700 τῷ
1500 1631 1688 1694 οὕνομα
1717 1624 1850 1681 εἶναι

228 1709 253 1749 8
272 1704 549 1770 Τυρσηνόν.
604 1704 860 1771 λαχόντας
896 1704 951 1756 δὲ
986 1703 1152 1757 αὐτῶν
1187 1704 1306 1759 τοὺς
1341 1704 1544 1774 ἐτέρους
1579 1706 1763 1771 ἐξιέναι
1792 1707 1852 1759 ἐκ

265 1780 360 1844 τῆς
400 1780 587 1848 χώρης,
631 1783 909 1847 καταβῆναι
948 1781 1001 1835 ἐς
1041 1778 1285 1852 Σμύρνην,
1328 1783 1410 1835 καὶ
1448 1781 1850 1851 μηχανήσασθαι

268 1857 445 1914 πλοια,
476 1856 529 1908 ἐς
554 1858 618 1908 τὰ
645 1858 947 1926 εσθεμένους
980 1859 1046 1911 τὰ
1079 1860 1243 1912 πάντα
1277 1859 1380 1913 ὅσα
1414 1862 1520 1929 σφι
1553 1858 1616 1927 ἦν
1639 1862 1850 1931 χρηστα

270 1924 511 1997 ἐπίπλοα,
534 1933 812 1987 ἀποπλέειν
838 1937 963 1989 κατὰ
987 1936 1110 2000 βίου
1136 1958 1192 1989 τε
1219 1938 1302 1990 καὶ
1325 1940 1418 2009 γῆς
1445 1936 1672 2004 ζήτησιν·
1717 1960 1770 1993 ες
1797 1938 1848 1999 8,

270 2007 417 2061 εθνεα
441 2011 619 2063 πολλὰ
636 2014 1136 2084 παραμειψαμένους,
1155 2014 1474 2068 ἅπικέσθαι’
1447 2037 1500 2069 ες
1512 2014 1844 2085 Ὀμβρικούς·

268 2085 389 2139 ἔνθα
428 2088 598 2157 σφέας
633 2087 999 2159 ἐνιδρύσασθαι
1033 2094 1236 2153 πόλιας,
1266 2094 1350 2145 καὶ
1383 2091 1564 2146 οῖκέειν
1596 2094 1657 2146 τὸ
1691 2094 1850 2164 μέχρι

227 2172 253 2213 9
270 2165 439 2218 τοῦδε.
510 2166 622 2220 ἀντὶ
658 2167 714 2219 δε
740 2169 917 2222 Λυδῶν
951 2169 1391 2238 μετονομασθῆναι
1424 2169 1609 2226 αὐτους
1643 2171 1727 2225 ἐπι
1753 2176 1850 2225 τοῦ

267 2243 519 2306 βασιλέος
544 2248 635 2297 τοῦ
660 2246 859 2306 παιδὸς,
882 2244 939 2301 ὅς
966 2246 1192 2315 σφεας’
1161 2244 1398 2318 ανῆγαγε·
1435 2248 1518 2301 ἐπὶ
1544 2246 1729 2301 τούτου
1755 2249 1851 2317 τὴν

270 2320 551 2388 ἐπωνυμίην
576 2322 919 2391 ποιευμένους,
948 2324 1294 2391 ὀνομασθῆναι
1320 2323 1630 2397 Τυρσηνούς.
1686 2328 1850 2382 Λυδοι

269 2396 361 2453 μὲν
386 2396 446 2463 δὴ
474 2398 573 2451 ὑπὸ
602 2399 843 2470 Πέρσῃσι
870 2398 1208 2455 δεδούλωντο.

173 2472 248 2525 95
351 2472 663 2543 Ἐπιδίζηται
710 2481 766 2533 δε
812 2480 873 2547 δὴ
920 2481 979 2532 τὸ
1035 2480 1266 2535 ἐνθεῦτεν
1309 2480 1430 2550 ἡμῖν
1475 2484 1505 2535 ὅ
1549 2484 1711 2553 λόγος
1754 2485 1849 2538 τόν

226 2558 250 2598 2
272 2567 331 2600 τε
366 2554 546 2619 Κῦρον,
586 2553 731 2610 ὅστις
771 2557 867 2610 ἐων
900 2557 993 2624 τὴν
1036 2559 1263 2628 Κροίσου
1302 2558 1467 2630 ἀρχὴν
1501 2563 1719 2614 κατεῖλε·
1762 2564 1850 2617 καὶ
