1975 2892
626 81 1001 126 KAEm.—1.
1031 89 1205 140 47·51.
1630 79 1707 134 25

125 147 269 185 01.55.
290 145 430 183 1—58.
453 144 512 192 3.]

127 203 502 270 τριπάλαιστα·
556 198 695 269 ὕψος
734 200 808 261 δὲ,
850 202 1203 252 παλαιστιαῖα·
1261 198 1475 270 ἀριθμὸν
1510 199 1584 260 δὲ,
1618 203 1709 253 έπ-

129 279 398 332 τακαίδεκα
446 278 528 330 καὶ
567 279 762 330 ἑκατόν·
829 277 910 329 καὶ
949 279 1187 338 τουτέων,
1229 277 1468 346 ἀπέφθου
1505 282 1748 348 χρυσοῦο

129 357 383 426 τέσσαρα,
425 355 598 425 τρίτον
637 354 976 422 ἡμιτάλαντον
1015 355 1234 408 ἕκαστον
1273 356 1511 408 ἕλκοντα·
1555 357 1619 408 τὰ
1654 357 1709 410 δὲ

131 436 270 486 ἄλλα
310 433 626 501 ἡμιπλίνθια,
667 435 854 486 λευκοῦ
894 437 1116 503 χρυσοῦ,
1152 433 1383 501 σταθμὸν
1414 434 1706 487 διτάλαντα.

129 511 357 564 ἐποιέετο
387 513 442 564 δὲ
469 512 551 563 καὶ
576 511 785 565 λέοντος
811 511 976 565 εἰκόνα
1000 515 1204 582 χρυσοῦ
1232 511 1488 580 ἀπέφθου,
1519 511 1703 564 ἔλκου-
1723 522 1751 564 4

129 611 234 642 σαν
262 589 493 657 σταθμὸν
513 591 736 641 τάλαντα
763 589 901 642 δέκα.
945 588 1095 644 οὗτος
1121 586 1151 640 ὁ
1175 590 1328 649 λέων,
1352 589 1462 642 ε’πεί
1486 610 1543 640 τε
1563 610 1705 641 κατε·
1724 601 1749 641 6

124 668 296 720 καίετο
324 671 353 720 ὁ
381 668 435 719 ἐν
461 668 726 735 Δελφοῖσι
761 669 895 734 νηὸς,
925 668 1177 720 κατέπεσε
1203 667 1303 720 ἀπὸ
1331 673 1433 719 τῶν
1466 666 1706 734 ἡμιπλιν-

127 745 272 797 θίων·
321 745 405 798 ε’πὶ
447 746 549 815 γὰρ
594 743 826 797 τούτοισι
865 743 1059 815 ἵδρυτο·
1104 746 1186 797 καὶ
1226 749 1315 798 νῦν
1354 748 1510 798 κεῖται
1551 746 1605 798 έν
1639 747 1710 818 τῷ

131 823 416 892 Κορινθίων
441 823 699 896 θησαυρῷ,
730 822 900 876 ἕλκων
927 822 1158 891 σταθμὸν
1184 823 1407 892 ἕβδομον
1430 822 1706 892 ἡμιτάλαν-

121 922 232 954 τον.
267 901 488 968 ἀπετάκη
502 902 604 972 γᾶρ
623 901 779 953 αὐτοῦ
795 901 1037 972 τέταρτον
1056 899 1412 968 ἡμιτάλαντον.
1560 902 1703 956 Ἐπι-
1725 904 1799 959 51

123 979 348 1033 τελέσας·
374 980 428 1032 δὲ
457 983 484 1032 ὁ
513 982 739 1049 Κροῖσος
765 983 922 1032 ταῦτα
949 979 1214 1047 ἀπέπεμπε
1240 981 1292 1034 ἐς
1319 979 1581 1049 Δελφούς·
1625 980 1707 1032 καὶ

120 1057 244 1110 τάδε
271 1058 409 1110 ἄλλα
435 1058 537 1125 ἅμα
571 1060 728 1110 τοῖσι·
774 1059 1024 1129 κρητῆρας
1060 1055 1151 1110 δύο
1178 1058 1391 1128 μεγάθεΐ
1427 1061 1703 1128 μεγάλους,

118 1133 351 1204 χρύσεον
389 1137 470 1188 καὶ
503 1133 768 1205 ἀργύρεον·
813 1141 914 1188 τῶν
953 1139 980 1188 ὁ
1016 1136 1111 1203 μὲν
1150 1135 1379 1206 χρύσεος
1418 1137 1586 1189 ἐκέετο
1623 1137 1706 1190 ἐπὶ

119 1213 270 1280 δεξιὰ
296 1213 488 1266 ε’σιόντι
525 1215 576 1268 ἐς
603 1215 693 1265 τὸν
727 1215 863 1280 νηὸν,
893 1216 922 1266 ὁ
955 1214 1013 1266 δὲ
1049 1213 1295 1284 ἀργύρεος
1323 1213 1401 1268 ἐπ’
1438 1215 1702 1284 ἀριστερά.

116 1290 519 1359 μετεκινήθησαν
559 1292 617 1344 δὲ
655 1291 736 1343 καὶ
777 1290 918 1344 οὗτοι
958 1291 1059 1344 ὑπὸ
1102 1294 1191 1344 τὸν
1222 1295 1341 1359 νηὸν
1376 1293 1700 1345 κατακαέντα·
1721 1306 1747 1346 2

119 1371 204 1422 καὶ
231 1372 261 1422 ὁ
285 1370 380 1436 μὲν
403 1369 630 1439 χρύσεος
670 1371 828 1422 κεῖται
868 1371 922 1422 ἐν
955 1371 1029 1442 τῷ
1055 1371 1413 1437 Κλαζομενίων
1445 1370 1703 1440 θησαυρῷ,

117 1447 294 1501 ἕλκων
335 1447 568 1515 σταθμὸν
612 1449 816 1500 ἔννατον
857 1447 1199 1516 ἡμιτάλαντον
1240 1449 1322 1500 καὶ
1365 1449 1439 1499 ἔτι
1481 1447 1707 1500 δυώδεκα

113 1526 294 1594 μνέας·
336 1529 365 1578 ὁ
413 1526 468 1578 δὲ
513 1523 778 1596 ἀργύρεος,
819 1526 902 1578 ε’πὶ
947 1529 1039 1578 τοῦ
1085 1520 1331 1594 προνηίου
1372 1527 1462 1592 τῆς
1498 1525 1702 1596 γωνίης,

113 1603 332 1674 χωρέων
383 1604 650 1672 ἀμφορέας
703 1603 1023 1669 ἑξακοσίους.
1090 1603 1401 1673 ἐπικίρναται
1450 1603 1551 1674 γὰρ
1605 1603 1745 1660 {maa

115 1683 348 1750 Δελφῶν
391 1681 749 1750 θεοφανίοισι.
793 1682 932 1750 φασὶ
973 1681 1034 1733 δέ
1064 1702 1153 1748 μιν
1192 1682 1395 1751 Δελφοὶ
1436 1682 1705 1752 θεοδώρου

114 1763 210 1813 τοῦ
239 1759 430 1826 Σαμίου
457 1760 608 1830 ἔργον
635 1755 779 1811 εἶναι·
811 1760 893 1812 καὶ
926 1759 1029 1830 ἐγὼ
1056 1758 1233 1824 δοκέω,
1264 1759 1324 1812 οὗ
1358 1759 1459 1830 γὰρ
1490 1761 1549 1812 τὸ
1577 1781 1701 1813 συν-

111 1839 278 1907 τυχὸν
299 1837 536 1908 φαίνεταί
554 1857 642 1904 μοι
661 1838 814 1908 ἔργον
842 1831 988 1890 εἶναι.
1034 1838 1115 1889 καὶ
1141 1837 1323 1893 πίθους
1342 1860 1399 1890 τε
1424 1839 1705 1910 ἀργυρέους

110 1916 380 1986 τέσσαρας
432 1914 727 1984 ἀπέπεμψε,
784 1937 834 1968 οι
895 1915 950 1967 έν
1001 1916 1073 1986 τῷ
1126 1915 1409 1986 Κορινθίων
1462 1917 1705 1988 θησαυρω

111 1997 328 2047 εστᾶσι·
373 1995 454 2046 καὶ
480 1991 873 2063 περιρραντήρια
906 1991 997 2045 δύο
1025 1967 1250 2059 ἀνέθηκε,
1279 1992 1507 2064 χρύσεόν
1538 2016 1595 2046 τε
1622 1995 1701 2046 καὶ
1723 2002 1749 2044 4

110 2071 386 2143 ἀργύρεον·
429 2076 532 2124 τῶν
577 2091 648 2143 τω
693 2071 904 2142 χρυσέω
949 2071 1333 2142 ἐπιγέγραπται,
1379 2079 1701 2124 ΛΔΚΕΔΑΙ-

110 2158 412 2211 ΜΟΝΙΩΝ,
437 2149 680 2217 φαμένων
707 2171 830 2202 ειναι
859 2149 1105 2217 ἀνάθημα·
1152 2170 1243 2201 ουκ
1260 2149 1425 2220 ὀρθῶς
1439 2149 1701 2219 λέγοντες.

109 2231 230 2282 ἔστι
277 2229 380 2300 γὰρ
425 2228 508 2279 καὶ
553 2231 708 2279 τοῦτο
755 2225 1005 2297 Κροίσου.
1068 2227 1337 2297 ἐπέγραψε
1384 2227 1439 2278 δὲ
1481 2231 1582 2279 τῶν
1627 2239 1747 2280 τιςδ

109 2307 360 2376 Δελφῶν,
401 2304 847 2373 Λακεδαιμονίοισι
885 2307 1205 2373 βουλόμενος
1244 2303 1567 2374 χαρίζεσθαι·
1611 2307 1703 2355 τοῦ

111 2385 456 2452 ἐπιστάμενος
491 2384 550 2436 τὸ
592 2385 801 2450 οὕνομα,
842 2383 934 2434 οὐκ
975 2379 1338 2450 ἐπιμνήσομαι·.
1382 2380 1501 2432 ἀλλ’
1544 2384 1572 2433 ὁ
1612 2381 1705 2448 μὲν

109 2465 252 2522 παῖς,
297 2461 361 2514 δι’
417 2459 480 2514 οὗ
521 2463 612 2527 τῆς
646 2461 822 2530 χειρὸς
860 2458 964 2528 ῥέει
1006 2461 1065 2511 τὸ
1105 2456 1260 2526 ὕδωρ,
1304 2459 1706 2525 Λακεδαιμονίων

105 2542 244 2594 ἐστί·
291 2539 352 2592 οὗ
371 2540 543 2608 μέντοι
559 2543 662 2592 τῶν
685 2560 748 2609 γε
773 2535 1208 2607 περιρραντηρίων
1234 2534 1519 2604 οὐδέτερον.
1563 2535 1703 2584 ἄλλα
1724 2545 1749 2584 ⁶
