1975 2892
284 89 392 146 164
847 97 1250 144 ΗΡοΔοΤοΥ

281 215 385 282 ἅμα
423 214 583 280 ἑωυτῇ
624 213 723 281 τὴν
758 211 910 279 νηδὺν
945 213 1028 264 καὶ
1071 212 1136 264 τὰ
1177 211 1456 281 σπλάγχνα
1500 211 1878 276 κατατετηκότα

280 293 469 362 ἐξάγει·
532 291 623 344 τὰς
664 291 721 343 δὲ
764 292 958 360 σάρκας
1003 291 1063 342 τὸ
1108 289 1289 359 λίτρον
1331 287 1613 356 κατατήκει·
1682 289 1768 341 καὶ
1815 286 1876 353 δὴ

279 369 511 423 λείπεται
552 371 645 420 τοῦ
688 371 865 439 νεκροῦ
910 370 971 422 τὸ
1009 366 1166 437 δέρμα
1207 369 1411 434 μοῦνον,
1457 366 1540 418 καὶ
1581 367 1650 418 τὰ
1693 363 1874 419 ὀστέα.

238 460 264 501 4
284 447 435 501 ἐπεὰν
461 446 516 501 δὲ
552 449 711 500 ταῦτα
739 444 1021 514 ποιῆσωσι,
1063 444 1150 498 ἀπ’
1189 443 1260 498 ὧν
1283 444 1475 497 ἔδωκαν
1499 441 1638 496 οὕτω
1674 446 1771 497 τὸν
1797 464 1875 496 νε-

190 531 263 584 88
286 527 423 596 κρὸν,
442 525 589 579 οῦδὲν
613 525 689 578 ἔτι
713 522 1199 595 πρηγματευθέντες.
1377 521 1448 574 Ἤ
1475 522 1532 575 δὲ
1559 521 1712 592 τρίτη
1734 520 1876 591 ταρί-

286 604 467 673 χευσίς
508 603 623 657 ἐστι
658 603 763 671 ἥδε,
795 599 824 670 ἦ
860 601 981 656 τοὺς
1005 599 1236 672 χρήμασι
1271 599 1686 670 ἀσθενεστέρους
1723 619 1878 653 σκευ-

286 683 410 747 άζει.
456 681 678 752 συρμαίῃ
706 678 1034 747 διηθήσαντες
1059 679 1152 746 τὴν
1177 679 1391 746 κοιλίην,
1419 674 1766 749 ταριχεύουσι
1793 679 1882 731 τὰς

287 757 637 828 έβδομῆκοντα
674 756 879 828 ἡμέρας,
908 757 989 810 καὶ
1027 758 1200 810 ἔπειτα
1233 755 1316 810 ἀπ’
1356 755 1425 808 ὧν
1450 757 1646 809 ἔδωκαν
1673 756 1881 825 ἀποφέ-

191 837 269 890 89
286 837 485 907 ρεσθαι.
695 837 795 890 Τὰς
831 836 887 888 δὲ
926 837 1165 906 γυναῖκας
1199 839 1304 888 τῶν
1331 834 1622 903 ἐπιφανέων
1657 835 1879 904 ἀνδρῶν,

288 914 442 968 ἐπεὰν
480 911 853 982 τελευτήσωσι,
896 913 957 966 οὗ
999 913 1281 984 παραυτίκα
1324 913 1527 966 διδοῦσι
1568 911 1878 983 ταριχεύειν,

286 992 405 1045 οὐδὲ
452 990 575 1045 ὅσαι
619 991 681 1045 ἂν
720 991 821 1045 ὦσι
866 991 1079 1046 εὐειδέες
1124 993 1282 1062 κάρτα
1325 991 1407 1043 καὶ
1445 993 1614 1061 λόγου
1655 993 1878 1045 πλεῦνος

286 1072 534 1141 γυναῖκες·
576 1069 695 1124 ἀλλ’
718 1071 870 1124 ἐπεὰν
888 1072 1104 1140 τριταῖαι
1131 1068 1162 1137 ἢ
1188 1071 1474 1139 τεταρταῖαι
1493 1068 1764 1140 γένωνται,
1789 1066 1876 1121 οὕ·-

246 1160 272 1200 2
291 1169 362 1200 τω
398 1149 738 1218 παραδιδοῦσι
772 1150 913 1200 τοῖσι
952 1144 1302 1216 ταριχεύουσι.
1352 1150 1506 1199 τοῦτο
1541 1147 1600 1200 δὲ
1633 1148 1878 1200 ποιέουσι

290 1223 423 1278 οὕτω
449 1227 599 1279 τοῦδε
626 1221 827 1287 εἵνεκεν,
856 1222 937 1278 ἵνα
960 1223 1030 1294 μή
1059 1226 1163 1294 σφι
1189 1227 1240 1278 οἱ
1265 1225 1558 1295 ταριχευταὶ
1589 1225 1880 1296 μίσγωνται

246 1317 273 1358 ⁸
292 1304 413 1372 τῇσι
452 1303 674 1374 γυναιξί.
729 1303 1030 1373 λαμφθῆναι
1073 1305 1176 1373 γάρ
1214 1304 1326 1356 τινά
1371 1305 1510 1372 φασι
1559 1309 1880 1373 μισ-γόμενον

290 1385 449 1454 νεκρῷ
472 1382 767 1454 προσφάτῳ
806 1384 1058 1452 γυναικός·
1105 1384 1334 1434 κατεῖπαι
1369 1382 1426 1434 δέ
1457 1382 1546 1434 τὸν
1573 1383 1872 1449 ὁμότεχνον.

195 1455 273 1510 90
292 1457 392 1518 *ος
428 1461 471 1515 δ’
514 1461 577 1514 ἂν
617 1459 647 1529 ἣ
692 1462 855 1514 αὐτῶν
893 1456 1200 1528 Αἰγυπτίων,
1243 1454 1273 1518 ἣ
1319 1456 1494 1522 ξείνων
1533 1458 1739 1525 ὁμοίως,
1777 1459 1875 1512 ὑπὸ

292 1535 625 1606 κροκοδείλου
651 1532 929 1605 ἁρπαχθεὶς
954 1531 984 1601 ἣ
1015 1531 1097 1586 ὑπ’
1126 1533 1282 1586 αὐτοῦ
1312 1536 1404 1585 τοῦ
1429 1537 1660 1599 ποταμοῦ
1689 1535 1873 1603 φαίνη-

290 1634 375 1668 ται
409 1612 646 1680 τεθνηὼς,
676 1610 781 1664 κατ’
818 1609 877 1679 ἣν
903 1610 964 1664 ἂν
995 1612 1151 1664 πόλιν
1178 1611 1454 1680 ἐξενειχθῇ,
1483 1609 1699 1666 τούτους
1732 1616 1876 1666 πᾶσα

292 1692 481 1761 ἀνάγκη
522 1691 636 1744 ἐστὶ
674 1687 1074 1759 ταριχεύσαντας
1119 1689 1288 1750 αὐτὸν,
1333 1690 1414 1743 καὶ
1453 1691 1875 1760 περιστείλαντας

252 1780 278 1820 2
296 1770 362 1823 ὣς
406 1770 681 1827 κάλλιστα,
732 1767 897 1837 θάψαι
944 1768 998 1819 ἐν
1041 1769 1181 1839 ἱρῇσι
1229 1766 1433 1835 θήκῃσι.
1503 1768 1623 1820 οὐδὲ
1667 1769 1873 1838 ψαῦσαι

294 1845 469 1911 ἔξεστι
496 1846 651 1899 αὐτοῦ
678 1845 845 1898 ἄλλον
864 1845 1061 1907 οὐδένα,
1085 1848 1203 1898 οὔτε
1228 1851 1329 1899 τῶν
1347 1849 1730 1916 προσηκόντων,
1757 1851 1876 1900 οὔτε

296 1927 397 1975 τῶν
423 1922 613 1991 φίλων·
658 1923 799 1976 ἀλλά
823 1945 910 1992 μιν
935 1925 983 1976 οἱ
1014 1924 1143 1995 ἱρέες
1167 1923 1312 1977 αὐτοὶ
1346 1925 1396 1977 οί
1425 1928 1519 1977 τοῦ
1546 1925 1758 1986 Νείλου,
1786 1927 1876 1978 ἅτε

296 1999 458 2054 πλέον
485 2021 537 2052 τι
563 1999 592 2068 ἢ
620 1999 887 2072 ἀνθρώπου
913 2003 1105 2071 νεκρὸν,
1133 2004 1553 2073 χειραπτάζοντες
1579 2002 1854 2057 θάπτουσι.

196 2073 270 2128 91
367 2077 717 2146 Ἑλληνικοῖσι
752 2079 809 2131 δὲ
847 2079 1104 2146 νομαίοισι
1135 2076 1392 2148 φεύγουσι
1426 2077 1672 2147 χρᾶσθαι·
1716 2079 1776 2132 τὸ
1799 2079 1862 2132 δὲ

292 2157 503 2222 σύμπαν
544 2158 719 2217 εἰπεῖν,
764 2156 878 2226 μήδ’
922 2158 1099 2210 ἄλλων
1139 2157 1344 2225 μηδαμᾶ
1384 2157 1626 2225 μηδαμῶν
1665 2156 1858 2229 ἀνθρώ-

295 2253 406 2284 πων
432 2230 707 2298 νομαίοισι.
751 2233 801 2283 οἱ
834 2231 927 2300 μέν
954 2253 1042 2285 νυν
1067 2232 1222 2285 ἄλλοι
1255 2232 1525 2304 Αῖγύπτιοι
1557 2230 1688 2286 οὕτω
1723 2239 1872 2287 τοῦτο

249 2321 276 2360 2
296 2308 659 2374 φυλάσσουσι.
708 2309 824 2361 ἔστι
863 2310 917 2362 δὲ
959 2310 1153 2379 Χέμμις
1176 2313 1330 2365 πόλις
1363 2313 1563 2382 μεγάλη
1599 2316 1752 2379 νομοῦ
1779 2318 1874 2366 τοῦ

296 2385 572 2444 Θηβαῖκοῦ,
602 2384 753 2454 ἐγγὺς
795 2386 927 2452 Νέης
960 2390 1162 2443 πόλιος.
1220 2388 1275 2442 ἐν
1308 2388 1465 2457 ταύτῃ
1502 2394 1562 2458 τῇ
1601 2394 1726 2444 πόλι
1759 2391 1872 2444 ἐστὶ

296 2458 528 2521 Περσέος
561 2464 653 2512 τοῦ
690 2465 885 2530 Δανάης
922 2465 1032 2533 ἱρὸν
1066 2468 1400 2537 τετράγωνον·
1444 2469 1596 2538 πέριξ
1633 2469 1686 2522 δὲ
1720 2469 1871 2522 αὐτοῦ

296 2526 522 2591 φοίνικες
545 2535 827 2602 πεφύκασι·
866 2542 931 2592 τὰ
951 2541 1008 2594 δέ
1027 2547 1272 2613 πρόπυλα
1295 2549 1390 2598 τοῦ
1417 2547 1530 2618 ἱροῦ
1549 2546 1719 2600 λίθινά
1737 2547 1871 2610 ἐστι,
