1975 2892
130 156 244 204 ⁶7⁰⁶]
519 98 1047 146 EYTEPIIH.—11.
1081 109 1318 160 1²9·13.3·
1606 86 1714 140 191

126 209 327 280 μεταξὺ
355 210 408 262 δὲ
437 214 537 262 τῶν
561 210 764 279 κερέων,
794 210 825 260 ὁ
850 211 941 260 τοῦ
974 205 1126 274 ἡλίου
1158 206 1344 264 κύκλος
1378 209 1718 277 μεμιμημένος

128 291 317 342 ἔπεστι
368 285 611 362 χρύσεος.
654 287 770 339 ἔστι
824 287 879 338 δέ
926 284 955 352 ἦ
999 289 1128 349 βοῦς
1169 287 1260 338 οὐκ
1305 287 1450 358 ὀρθὴ,
1497 287 1616 340 ἀλλ’
1663 288 1716 341 ἐν
1747 305 1773 344 2

127 365 353 437 γούνασι
396 365 608 434 κειμένη·
665 362 888 434 μέγαθος
938 364 1013 422 δὲ,
1063 362 1161 430 ὅση
1202 386 1300 434 περ
1343 367 1542 461 μεγάλη
1587 369 1718 430 βοῦς

132 443 259 511 ζωή.
304 443 571 537 ἐκφέρεται
599 443 655 495 δὲ
682 443 739 494 ἐκ
762 445 855 494 τοῦ
887 439 1159 508 οἰκήματος
1184 442 1278 494 ἀνὰ
1301 445 1466 495 πάντα
1489 444 1554 495 τὰ
1579 444 1714 496 ἔτεα.

134 524 292 575 ἐπεὰν
336 519 619 574 τύπτωνται
672 521 721 572 οἶ
763 517 1034 590 Αἰγύπτιοι
1079 520 1169 572 τὸν
1213 519 1305 574 οὔκ
1351 521 1717 588 ὀνομαζόμενον
1748 536 1773 576 8

135 600 256 653 θεὸν
295 598 374 652 ὑπ’
410 600 529 667 ἐμεῦ
564 599 647 652 ἐπὶ
682 595 895 669 τοιούτῳ
926 594 1202 667 πρήγματι,
1237 600 1354 651 τότε
1393 597 1464 652 ὧν
1507 598 1590 651 καὶ
1627 597 1723 666 τὴν

133 682 271 743 βοῦν
296 677 577 748 ἐκφέρουσι
603 677 656 731 ἐς
682 677 741 728 τὸ
761 677 895 745 φῶς.
934 675 1074 744 φασὶ
1099 675 1200 746 γὰρ
1227 675 1288 744 δὴ
1315 675 1471 744 αὐτὴν
1487 675 1720 744 δεηθῆναι
1750 687 1775 728 ⁴

136 759 231 808 τοῦ
270 757 462 826 πατρὸς
502 754 788 825 Μυκερίνου
828 751 1276 822 ἀποθνήσκουσαν,
1317 754 1372 807 ἐν
1407 756 1480 827 τῷ
1510 755 1718 828 ἐνιαυτῷ

138 833 281 900 ἅπαξ
304 856 390 900 μιν
416 835 504 886 τὸν
530 833 681 901 ἥλιον
712 833 948 886 κατιδεῖν.
1189 832 1335 885 Μετὰ
1361 833 1418 886 δὲ
1443 834 1534 900 τῆς
1559 832 1716 904 θυγα-
1755 831 1864 886 133

138 914 262 977 τρὸς
302 913 361 964 τὸ
400 911 581 971 πάθος,
616 907 825 979 δεύτερα
864 908 1028 983 τούτῳ
1068 911 1140 983 τῷ
1164 910 1382 974 βασιλέι·
1417 912 1539 964 τάδε
1573 909 1716 982 γενέ-

142 989 287 1042 σθαι·
331 989 509 1042 ἐλθεῖν
534 989 585 1040 οἱ
608 986 847 1056 μαντήῒον
874 989 929 1040 ἐκ
956 991 1178 1043 Βουτοῦς
1201 991 1402 1050 πόλιος,
1433 989 1501 1044 ὧς
1530 993 1565 1016 “
1583 989 1716 1057 μέλ-

140 1071 231 1120 λοι
257 1066 315 1133 ἓξ
342 1068 457 1119 ἔτεα
480 1069 668 1135 μοῦνον
689 1065 841 1129 βιοὺς
864 1069 933 1138 τῷ
962 1067 1165 1138 ἑβδόμῳ
1193 1064 1577 1134 τελευτήσειν.”
1630 1069 1721 1120 τὸν
1750 1078 1777 1119 2

144 1147 219 1205 δὲ,
250 1146 415 1210 δεινὸν
452 1145 811 1212 ποιησάμενον,
841 1143 1047 1215 πέμψαι
1085 1145 1137 1199 ἐς
1162 1146 1220 1196 τὸ
1259 1143 1498 1213 μανι-ἠΐον
1523 1148 1594 1218 τῷ
1621 1145 1722 1217 θεῷ

144 1224 428 1290 ὀνείδισμα,
458 1223 895 1291 ἀντιμεμφόμενον
930 1221 1010 1275 ὅτι
1039 1227 1074 1250 “
1093 1226 1122 1275 ὁ
1147 1223 1240 1289 μὲν
1266 1223 1420 1275 αὐτοῦ
1446 1223 1612 1292 πατὴρ
1641 1224 1722 1276 καὶ

142 1302 366 1371 πάτρως,
396 1295 801 1367 ἀποκληΐσαντες
824 1301 889 1354 τὰ
916 1301 1017 1370 ἱρὰ,
1047 1302 1128 1353 καὶ
1156 1299 1285 1353 θεῶν
1309 1301 1371 1353 οὗ
1396 1301 1720 1369 μεμνημένοι,

145 1380 287 1432 ἀλλὰ
324 1380 404 1431 καὶ
434 1379 555 1432 τοὺς
588 1377 883 1448 ἀνθρώπους
918 1377 1236 1448 φθείροντες,
1276 1378 1502 1442 ἐβίωσαν
1536 1381 1725 1447 χρόνον

146 1457 233 1510 ἐπὶ
259 1459 475 1510 πολλόν·
521 1457 672 1510 αυτὸς
698 1455 741 1508 δ’
772 1455 1048 1522 εὖσεβὴς’
1020 1477 1132 1516 εων,
1151 1455 1345 1521 μέλλοι
1371 1456 1564 1524 ταχέως
1589 1451 1723 1507 οὕτω

132 1531 535 1602 .τελευτήσειν.”
592 1533 683 1586 Ἐκ
726 1535 781 1587 δε
823 1536 917 1586 τοῦ
966 1533 1286 1602 χρηστηρίου
1337 1534 1472 1606 αὐτῷ
1517 1530 1723 1599 δεύτερα
1753 1541 1780 1585 8

130 1614 176 1666 .ε’
186 1612 333 1665 λθεῖν
364 1612 657 1683 λέγοντα“
674 1610 869 1664 τούτων
904 1631 1066 1663 εινεκα
1107 1631 1188 1662 και
1226 1608 1556 1679 συνταχύνειν
1589 1612 1726 1684 αὐτῷ

147 1693 240 1744 τὸν
264 1689 404 1754 βίον.
448 1690 509 1742 οὔ
534 1691 633 1760 γὰρ
658 1690 875 1757 ποιῆσαί
897 1710 984 1757 μιν
1009 1691 1069 1741 τὸ
1094 1690 1262 1759 χρεὼν
1287 1686 1348 1755 ἦν
1371 1688 1579 1742 ποιέειν·
1623 1691 1727 1742 δεῖν

147 1769 252 1840 γὰρ
293 1765 551 1840 Α’ίγιηττον
594 1767 875 1820 κακοῦσθαι
914 1766 994 1820 ἐπ’
1035 1768 1148 1820 ἔτεα
1198 1765 1507 1836 πεντήκοντά
1548 1790 1606 1820 τε
1647 1769 1729 1820 καὶ

136 1849 348 1916 ἑκατόν·
366 1848 475 1910 faedi
508 1845 627 1901 τοὺς
651 1847 744 1913 μὲν
780 1844 869 1899 δῦο
906 1845 1025 1901 τοῦς
1063 1847 1162 1917 πρὸ
1201 1845 1392 1899 ἐκείνου
1429 1845 1729 1916 γενομένους

151 1925 405 1989 βασιλέας
423 1923 601 1992 μαθεῖν
626 1928 797 1985 τοῦτο,
821 1927 983 1978 κεῖνον
1003 1925 1060 1977 δὲ
1085 1921 1205 1977 οὕ.”
1247 1927 1415 1978 Ταῦτα
1439 1923 1730 1978 ἀκούσαντα
1756 1941 1784 1982 4

153 2004 245 2055 τὸν
270 2005 567 2072 Μυκερῖνον,
598 2003 666 2057 ὧς
690 2002 1114 2074 κατακεκριμένων
1139 2003 1234 2071 ἤδη
1254 2004 1304 2056 οἶ
1330 2002 1540 2065 τούτων,
1562 2003 1732 2073 λύχνα

154 2082 499 2149 ποιησάμενον
528 2081 723 2140 πολλὰ,
752 2079 879 2136 ὅκως
908 2082 1104 2152 γίνοιτο
1140 2081 1250 2147 νὺξ,
1277 2081 1548 2151 ἀνάψαντα
1581 2081 1728 2141 αὐτὰ,

156 2158 317 2212 πίνειν
340 2181 397 2211 τε
419 2160 501 2211 καὶ
526 2158 805 2220 εὐπαθέειν,
828 2161 945 2210 οὔτε
970 2157 1156 2227 ἡμέρης
1175 2159 1294 2210 οὔτε
1319 2162 1494 2214 νυκτὸς
1513 2159 1730 2217 ἀνιέντα.

158 2237 211 2291 ἔς
234 2258 291 2290 τε
324 2235 389 2290 τὰ
425 2236 551 2288 ἕλεα
586 2237 667 2289 καὶ
705 2237 769 2288 τὰ
804 2237 971 2289 ἄλσεα
1008 2237 1354 2303 πλανώμενον,
1383 2237 1463 2288 καὶ
1499 2233 1578 2289 ἵνα
1603 2257 1731 2288 πυν-

160 2313 363 2368 θάνοιτο
410 2310 535 2367 εἶναι
577 2316 674 2385 γῆς
718 2312 1023 2383 ἐνηβητήρια
1065 2313 1449 2380 ἐπιτηδεῶτατα.
1494 2316 1652 2366 ταῦτα
1677 2313 1734 2366 δὲ
1760 2329 1786 2370 6

164 2392 463 2462 ἐμηχανᾶτο,
512 2391 685 2445 θέλων
724 2394 783 2444 τὸ
834 2389 1074 2461 μαντήϊον
1113 2391 1432 2458 ψευδόμενον
1471 2391 1733 2456 ἀποδέξαι,

163 2468 244 2524 ἵνα
284 2472 333 2523 οἱ
380 2471 603 2524 δυώδεκα
646 2472 761 2524 ἔτεα
800 2470 911 2524 ἀντὶ
948 2471 1005 2536 ἓξ
1042 2469 1194 2522 ἐτέων
1223 2469 1443 2540 γένηται,
1478 2470 1530 2522 αἱ
1566 2466 1737 2525 νύκτες

164 2548 341 2621 ἡμέραι
368 2545 677 2616 ποιεύμεναι.
