1975 2892
278 76 388 133 102
863 82 1268 128 ΗΡοΔοΤοΥ

1617 133 1687 180 [Α.
1705 134 1750 173 c.
1771 135 1870 175 538.

272 202 334 265 τῇ
365 195 540 263 λίμνῃ,
570 196 895 264 μνημόσυνον
929 193 1047 245 τόδε
1083 191 1218 245 ἄλλο
1254 190 1354 245 ἀπὸ
1380 194 1475 245 τοῦ
1511 191 1667 244 αὐτοῦ
1707 193 1874 262 ἔργου

231 273 501 329 ιε’λίπετο.
532 273 771 340 ἐτάμνετο
797 270 978 325 λίθους
1011 268 1332 340 περιμήκεας·
1377 270 1445 325 ὣς
1481 270 1540 323 δέ
1562 271 1612 322 οἱ
1646 267 1788 336 ἦσαν
1819 270 1873 322 οἶ

272 351 414 404 λίθοι
448 352 659 419 ἑτοῖμοι,
690 350 770 401 καὶ
808 350 867 401 τὸ
902 348 1096 419 χωρίον
1129 348 1407 419 ὀρώρυκτο.
1438 348 1744 418 ἐκτρέψασα
1770 352 1872 400 τοῦ

235 432 503 497 δποταμοῦ
544 430 603 482 τὸ
640 426 851 499 ῥέεθρον
888 429 992 480 πᾶν
1031 426 1082 479 ἐς
1121 427 1181 478 τὸ
1223 425 1433 497 ὤρυσσε
1470 426 1682 497 χωρίον·
1729 424 1788 479 ἐν
1827 423 1875 501 ᾧ

273 507 563 575 ἐπίμπλατο
591 510 761 565 τοῦτο,
792 504 847 558 ἐν
881 502 1044 575 τούτῳ
1073 502 1493 575 ἀπεξηρασμένου
1519 508 1610 557 τοῦ
1637 504 1872 574 ἀρχαίου

272 583 502 657 ῥεέθρου,
539 588 691 638 τοῦτο
731 583 840 651 μὲν,
874 583 938 634 τὰ
976 582 1156 651 χείλεα
1196 586 1288 635 τοῦ
1326 586 1559 651 ποταμοῦ
1599 584 1729 636 κατὰ
1771 584 1872 651 τὴν

272 667 428 718 πόλιν
462 664 545 716 καὶ
579 664 669 718 τὰς
704 661 1038 724 καταβάσιας,
1067 661 1158 714 τὰς
1194 660 1250 711 ἐκ
1281 666 1382 713 τῶν
1412 661 1644 714 πυλίδων
1678 660 1737 716 ἐς
1773 664 1870 715 τὸν

274 743 502 809 ποταμὸν
521 738 803 811 φεροῦσας,
827 738 1195 806 ἀνοικοδόμησε
1204 738 1474 792 πλίνθοισι
1495 739 1706 808 ὀπτῇσι,
1732 742 1870 794 κατὰ

274 821 363 872 τὸν
397 819 550 871 αὐτὸν
583 820 746 890 λόγον
784 820 855 889 τῷ
892 816 1076 885 τείχεϊ·
1119 819 1270 870 τοῦτο
1308 817 1381 877 δέ,
1411 818 1536 870 κατὰ
1571 818 1741 886 μέσην
1769 840 1867 871 κου

272 898 502 963 μάλιστα
538 895 630 964 τὴν
662 898 836 957 πόλιν,
865 897 1004 947 τοῖσι
1040 893 1260 956 λίθοισι,
1289 894 1407 949 τοὺς
1434 892 1682 965 ὦρυξατο,
1715 896 1862 949 οἶκο-

272 974 422 1041 δόμεε
454 973 703 1045 γέφυραν,
734 972 924 1026 δέουσα
958 974 1077 1027 τοὺς
1111 972 1291 1027 λίθους
1327 971 1521 1046 σιδήρῳ
1556 996 1612 1026 τε
1639 974 1725 1027 καὶ
1761 997 1862 1043 μο-

233 1066 259 1108 8
272 1052 458 1125 λίβδω.
495 1051 806 1105 ἐπιτείνεσκε
826 1051 927 1105 δε’
902 1050 977 1105 επ’
1001 1050 1174 1119 αὐτὴν,
1198 1050 1326 1106 ὅκως
1344 1074 1436 1120 μεν
1456 1050 1610 1122 ἡμέρη
1630 1052 1862 1123 γένοιτο,

271 1127 403 1197 ξύλα
424 1131 730 1201 τετράγωνα,
753 1128 832 1183 ἐπ’
856 1129 925 1181 ὧν
944 1130 1036 1199 τὴν
1057 1129 1346 1192 διάβασιν’
1320 1133 1578 1183 εποιεῦντο
1600 1132 1651 1183 οἱ
1677 1135 1862 1196 Βαβυ-

269 1209 463 1261 λώνιοι·
535 1208 624 1262 τὰς
678 1208 732 1261 δὲ
786 1205 964 1263 νύκτας
1008 1209 1071 1261 τὰ
1113 1208 1247 1273 ξύλα
1292 1210 1450 1260 ταῦτα
1495 1208 1862 1278 ἀπαιρέεσκον,

270 1286 422 1340 τοῦδε
449 1282 630 1347 εἵνεκα,
654 1282 734 1339 ἵνα
759 1285 827 1354 μὴ
858 1285 1234 1354 διαφοιτέοντες
1262 1286 1352 1341 τὰς
1380 1283 1558 1340 νύκτας
1585 1286 1864 1342 κλέπτοιεν

231 1362 387 1435 'nup’
414 1362 679 1432 ἀλλήλων.
723 1364 791 1419 ὣς
818 1364 873 1416 δὲ
900 1367 959 1417 τό
996 1385 1053 1416 τε
1079 1363 1298 1434 ὀρυχθὲν
1330 1364 1483 1432 λίμνη
1511 1363 1771 1435 πλήρης’
1741 1390 1861 1437 εγε-

268 1445 416 1513 γόνεε
466 1442 565 1495 ὑπὸ
618 1463 710 1495 του
762 1444 1011 1510 ποταμοῦ,
1059 1443 1143 1495 καὶ
1195 1443 1258 1494 τὰ
1309 1444 1426 1513 περὶ
1478 1442 1570 1509 τὴν
1620 1444 1862 1515 γέφυραν

270 1521 599 1589 ἐκεκόσμητο,
622 1522 710 1573 τὸν
738 1517 1015 1590 Εὐφρήτην
1040 1521 1268 1587 ποταμὸν
1295 1520 1346 1575 ἐς
1365 1521 1430 1573 τὰ
1455 1520 1643 1591 ἀρχαῖα
1668 1519 1861 1593 ῥέεθρα

270 1598 325 1651 ἐκ
364 1601 454 1666 τῆς
504 1598 686 1666 λίμνης
725 1594 959 1668 ἐξήγαγε·
1032 1598 1114 1650 καὶ
1154 1620 1286 1651 ουτω
1334 1600 1392 1651 τὸ
1444 1598 1683 1668 ὄρυχθεν,
1728 1599 1860 1657 ἕλος

268 1680 556 1746 γενόμενον,
583 1676 633 1731 ἐς
663 1676 777 1729 δέον
803 1675 973 1729 ἐδόκεε
999 1674 1278 1747 γεγονέναι,
1301 1677 1383 1729 καὶ
1401 1678 1544 1729 τοῖσι
1569 1675 1860 1747 πολιήτῃσι

141 1745 251 1807 187
268 1754 472 1824 γέφυρα
498 1752 559 1821 ἦν
588 1751 1050 1821 κατεσκευασμένη.
1276 1754 1345 1807 ‘H
1375 1751 1418 1807 δ’
1446 1755 1570 1822 αὐτὴ
1598 1754 1724 1824 αὕτη
1751 1761 1856 1822 βα-

270 1831 443 1885 σίλεια
483 1834 564 1885 καὶ
603 1833 799 1900 ἀπάτην
838 1829 1036 1899 τοιήνδε
1074 1833 1188 1886 τινὰ
1235 1831 1612 1901 ἐμηχανήσατο.
1696 1834 1858 1906 ’Υπερ

266 1914 369 1962 τῶν
393 1910 623 1977 μάλιστα
653 1913 939 1981 λεωφόρων
964 1911 1170 1965 πυλέων
1195 1913 1288 1964 τοῦ
1313 1910 1502 1967 ἄστεος
1528 1913 1700 1981 τάφον
1726 1915 1856 1967 ἐων-

267 1987 329 2054 τῇ
369 1988 777 2041 κατεσκευάσατο
817 1988 1070 2059 μετέωρον
1109 1990 1356 2057 ἐπιπολῆς
1391 1990 1582 2043 αὐτέων
1615 1996 1719 2043 τῶν
1752 2014 1856 2046 πυ-

226 2065 418 2118 Ξλέων.
470 2064 756 2135 ἐνεκόλαψε
795 2067 851 2120 δὲ
891 2064 945 2121 ἐς
985 2068 1076 2119 τὸν
1114 2070 1283 2137 τάφον
1321 2069 1593 2139 γράμματα
1630 2070 1859 2140 λέγοντα

266 2142 406 2195 τάδε·
489 2150 624 2195 ΤΩΝ
678 2152 781 2196 TIS
836 2152 1023 2197 ΕΜΕΥ
1072 2144 1386 2198 ’ΥΣΤΕΡΟΝ
1441 2154 1856 2202 ΓΙΝΟΜΕΝΩΝ

266 2228 661 2273 ΒΑΒΥΛΩΝΟΣ
698 2230 1054 2284 ΒΑΣΙΛΕΩΝ,
1084 2232 1182 2277 ΗΝ
1222 2226 1545 2277 ΣΠᾹΝῙΣΗΙ.
1581 2234 1854 2280 ΧΡΗΜΑ-

264 2304 420 2354 ΤΩΝ,
464 2305 756 2353 ΑΝΟῙΞΑΣ
808 2308 942 2352 TON
998 2309 1241 2365 ΤΑΦΟΝ,
1298 2309 1560 2355 ΛΑΒΕΤΩ
1610 2302 1856 2359 ὈΚΟΣΑ

265 2380 592 2427 ΒΟΥΛΕΤΑῙ
653 2384 997 2431 ΧΡΗΜΑΤΑ.
1083 2387 1191 2432 ΜΗ
1253 2388 1512 2433 ΜΕΝΤΟῙ
1575 2390 1676 2441 ΓΕ,
1742 2393 1854 2438 ΜΗ

264 2454 596 2502 ΣΠΑΝῙΣΑΣ
623 2461 724 2513 ΓΕ,
753 2460 972 2506 ΑΛΛΩΣ
999 2463 1301 2513 ΑΝΟῙΞΗι.
1387 2466 1472 2511 ΟΥ
1499 2467 1623 2511 ΓΑΡ
1649 2469 1851 2514 ΑΜΕῙ-

224 2527 428 2574 oNON.
500 2525 661 2582 Οὗτος
687 2531 717 2580 ὁ
744 2530 911 2599 τάφος
936 2529 999 2598 ἣν
1023 2533 1272 2601 ἀκίνητος,
1294 2536 1448 2607 μέχρι
1468 2535 1530 2589 οὗ
1557 2538 1611 2592 ἐς
1632 2542 1853 2610 Δαρεῖον

1953 382 1960 709 δ
