1975 2892
550 92 930 139 ΚΛΕΙΩ.-ῐ.
964 99 1198 152 ποι-105.
1291 126 1300 134 .
1590 86 1668 137 59

59 159 131 198 01.
150 158 223 200 81.
242 157 388 199 1-86,
404 157 465 207 8.]

64 216 165 282 τὴν
224 219 401 279 Νῖνον,
446 213 637 283 ἐπῆλθε
689 213 918 268 Σκυθέων
970 216 1192 284 στρατὸς
1234 214 1410 285 μέγας·
1469 216 1563 287 ὅγε
1609 219 1665 271 δὲ

65 293 265 347 αὐτοὺς
300 292 553 357 βασιλεὺς
588 296 616 345 ὁ
652 292 883 345 Σκυθέων
912 290 1138 359 Μαδύης,
1169 292 1486 363 Πρωτοθύεω
1521 299 1661 351 παῖς·

66 368 121 423 οἳ
152 372 421 433 ἐσέβαλον
453 371 547 438 μὲν
581 370 633 425 ἐς
667 370 759 437 τὴν
784 369 983 437 Ἀσίην,
1016 370 1322 467 Κιμμερίους
1357 372 1664 433 ἐκβαλόντες

67 450 127 501 ἐκ
178 450 275 515 τῆς
322 449 585 518 Εὐρώπης,
626 448 859 500 τούτοισι
900 448 954 501 δε
1004 448 1336 515 ἐπισπόμενοι
1381 447 1658 519 φεύγουσι,

63 524 213 579 οὕτω
247 526 301 579 ἐς
335 526 427 593 τὴν
458 525 685 593 Μηδικὴν
718 527 890 594 χώρην
920 525 1180 578 ἀπίκοντο.
1408 524 1570 579 Ἐστι
1604 530 1659 581 δε
1684 522 1798 577 104

62 605 175 657 ἀπὸ
206 606 299 670 τῆς
324 604 506 671 λίμνης
531 606 621 671 τῆς
637 602 916 670 Μαιήτιδος
942 604 1027 656 ἐπὶ
1054 604 1220 654 Φᾶσιν
1243 604 1473 670 ποταμὸν
1499 604 1581 655 καὶ
1609 606 1661 659 ἐς

62 684 323 749 Κόλχους
362 678 627 750 τριήκοντα
672 678 895 750 ἡμερέων
947 680 1144 751 εὐζώνῳ
1185 682 1322 735 ὁδός.
1378 682 1434 733 ἐκ
1475 682 1531 733 δὲ
1570 684 1705 749 τῆς2

62 759 345 827 Κολχίδος
384 757 443 811 οὗ
478 760 681 812 πολλὸν
711 759 992 827 ὑπερβῆναι
1030 758 1082 812 ἐς
1116 758 1208 825 τὴν
1243 759 1490 825 Μηδικὴν,
1518 760 1660 813 ἀλλὰ

64 836 125 890 ἓν
152 838 217 889 τὸ
246 837 333 889 διὰ
357 836 522 905 μέσου
546 836 691 890 ἔθνος
726 836 889 905 αὐτῶν
916 836 1048 896 ἐστὶ,
1079 837 1376 906 Σάσπειρες·
1420 840 1571 890 τοῦτο
1599 838 1658 891 δὲ

63 913 589 985 παραμειβομένοισι,
619 909 745 966 εἶναι
777 914 829 966 ἐν
855 916 915 980 τῇ
950 914 1170 979 Μηδικῇ.
1213 936 1274 965 ου
1303 914 1477 982 μέντοι
1515 912 1568 967 οἵ
1593 938 1656 986 γε
1677 926 1702 965 8

66 990 265 1045 Σκύθαι
284 989 439 1058 ταύτῃ
463 992 738 1056 ἐσέβαλον,
758 992 897 1044 ἀλλὰ
923 990 1014 1057 τὴν
1031 988 1310 1061 κατύπερθε
1337 992 1456 1045 ὁδὸν
1469 995 1657 1065 πολλῷ

63 1069 393 1139 μακροτέρην
431 1070 808 1139 ἐκτραπόμενοι,
838 1069 893 1121 ἐν
928 1068 1140 1135 δεξιῇ
1110 1090 1314 1137 εχοντες
1353 1071 1413 1122 τὸ
1455 1072 1652 1123 Καυκά-

66 1169 193 1200 σιον
230 1146 371 1216 ορος.
414 1147 629 1199 ἐνθαῦτα
672 1168 722 1199 οι
766 1169 859 1214 μεν
906 1146 1074 1213 Μῆδοι
1121 1149 1478 1213 συμβαλόντες
1513 1150 1654 1200 τοῖσι
1676 1154 1702 1195 4

63 1223 325 1292 Σκύθῃσι,
354 1225 436 1277 καὶ
462 1223 779 1279 ἑσσωθέντες
804 1229 865 1291 τῇ
890 1224 1048 1291 μάχῃ,
1071 1225 1162 1291 τῆς
1187 1223 1348 1293 ἀρχῆς
1374 1223 1650 1292 κατελύθη·

64 1316 193 1355 σαν·
228 1303 278 1354 οἱ
308 1302 362 1354 δὲ
390 1299 575 1354 Σκύθαι
595 1303 685 1368 τὴν
709 1300 891 1366 Ἀσίην
906 1303 1080 1354 πᾶσαν
1106 1300 1348 1369 ἐπέσχον.
1533 1302 1650 1355 Ἐν·
1681 1302 1793 1357 105

63 1380 254 1432 θεῦτεν
280 1380 337 1431 δὲ
363 1382 520 1446 ἤϊσαν
550 1378 627 1431 ἐπ’
656 1376 931 1449 Αἴγυπτον·
977 1379 1060 1431 καὶ
1096 1378 1206 1432 ἐπεί
1237 1400 1294 1430 τε
1330 1380 1562 1450 ἐγένοντο
1599 1380 1656 1431 ἐν

63 1460 135 1524 τῇ
192 1457 517 1523 Παλαιστίνῃ
572 1458 745 1527 Συρίῃ,
798 1456 1120 1524 Ψαμμίτιχός
1173 1457 1342 1524 σφεας
1392 1455 1654 1527 Αἷγύπτου

63 1534 332 1599 βασιλεὺς
372 1535 615 1589 ἀντιάσας
657 1534 871 1604 δώροισί
921 1554 978 1585 τε
1024 1534 1106 1585 καὶ
1155 1534 1334 1599 λιτῇσι
1379 1533 1654 1604 ἀποτρέπει

64 1614 134 1665 τὸ
174 1611 493 1682 προσωτέρω
528 1612 596 1679 μὴ
635 1610 965 1682 πορεύεσθαι.
1010 1611 1060 1661 οἶ
1097 1610 1168 1671 δὲ,
1207 1609 1320 1662 ἐπεί
1362 1631 1419 1663 τε
1454 1611 1650 1679 ἀναχω·
1681 1624 1706 1663 2

38 1688 43 1691 ¹
64 1690 279 1761 ρέοντες
305 1689 494 1751 ὀπίσω,
524 1690 757 1760 ἐγένοντο
793 1692 881 1756 τῆς
908 1687 1089 1758 Συρίης
1114 1687 1170 1739 ἐν
1195 1684 1481 1741 Ἀσκάλωνι
1507 1690 1651 1749 πόλι,

66 1773 179 1821 τῶν
216 1770 447 1821 πλεόνων
488 1768 717 1820 Σκυθέων
749 1765 1170 1837 παρεξελθόντων
1211 1764 1444 1827 ἀσινέων,
1483 1766 1654 1837 ὀλίγοι

65 1846 209 1901 τινὲς
260 1846 425 1899 αὐτῶν
476 1845 894 1914 ὑπολειφθέντες,
950 1841 1220 1909 ἐσύλησαν
1271 1847 1360 1912 τῆς
1407 1844 1654 1915 Οὐρανίης

64 1922 387 1993 Ἀφροδίτης
430 1926 490 1976 τὸ
539 1925 666 1994 ἱρόν.
708 1924 823 1976 ἔστι
875 1923 931 1975 δὲ
966 1925 1120 1975 τοῦτο
1164 1922 1224 1974 τὸ
1269 1923 1395 1993 ἱρὸν,
1441 1924 1508 1977 ὧς
1549 1921 1652 1993 ἐγὼ
1679 1940 1704 1979 ⁸

67 2002 449 2069 πυνθανόμενος
488 2001 727 2073 εὑρίσκω,
768 2002 971 2055 πάντων
1015 2000 1350 2070 ἀρχαιότατον
1390 2001 1512 2070 ἱρῶν
1550 2000 1653 2053 ὅσα

68 2078 261 2145 ταύτης
300 2082 389 2147 τῆς
430 2079 568 2131 θεοῦ.
612 2080 695 2132 καὶ
731 2079 833 2149 γὰρ
872 2080 931 2131 τὸ
963 2077 1020 2131 ἐν
1055 2076 1245 2149 Κύπρῳ
1279 2079 1388 2147 ἱρὸν
1423 2078 1654 2131 ἐνθεῦτεν
1680 2091 1706 2132 4

69 2156 297 2225 ἐγένετο,
326 2158 393 2212 ὣς
420 2157 563 2209 αὐτοὶ
588 2157 805 2227 λέγουσι
825 2155 1062 2227 Κύπριοι·
1105 2156 1187 2207 καὶ
1213 2156 1272 2207 τὸ
1287 2156 1343 2208 ἐν
1370 2153 1653 2224 Κυθήροισι

71 2234 304 2292 Φοίνικές
356 2234 461 2288 εἶσι
512 2236 562 2287 οἱ
616 2236 959 2304 ἱδρυσάμενοι,
1008 2232 1066 2285 ἐκ
1119 2230 1300 2297 ταύτης
1342 2235 1432 2299 τῆς
1473 2230 1655 2301 Συρίης

24 2370 41 2378 ⁸
70 2313 265 2367 ἐόντες.
308 2310 461 2365 τοῖσι
488 2313 543 2365 δὲ
577 2318 679 2365 τῶν
712 2312 941 2365 Σκυθέων
980 2308 1253 2376 συλήσασι
1283 2311 1343 2361 τὸ
1378 2311 1486 2379 ἱρὸν
1520 2310 1579 2360 τὸ
1599 2307 1654 2360 ἐν
1681 2324 1707 2365 5

69 2391 386 2449 Ἀσκάλωνι,
416 2391 497 2443 καὶ
523 2392 663 2442 τοῖσι
688 2387 883 2443 τούτων
907 2388 1006 2441 αἶεὶ
1032 2387 1309 2457 ἐκγόνοισι,
1337 2386 1596 2455 ἐνέσκηψε
1623 2385 1654 2451 ἦ

75 2470 197 2523 θεὸς
229 2466 439 2535 θήλειαν
470 2464 683 2521 νοῦσον·
728 2468 865 2519 ὥστε
896 2468 1000 2533 ἅμα
1037 2462 1259 2534 λέγουσι’
1291 2484 1350 2515 τε
1385 2464 1435 2515 οἱ
1471 2462 1656 2515 Σκύθαι

76 2548 167 2601 διὰ
200 2548 351 2599 τοῦτό
380 2546 553 2616 σφεας
582 2544 799 2606 νοσέειν,
828 2545 911 2597 καὶ
950 2545 1076 2614 ὁρᾶν
1108 2537 1226 2611 παρ’
1266 2542 1504 2593 ἑωυτοῖσι
1537 2540 1656 2593 τοὺς
