1975 2892
648 118 1029 166 KAEIQ.--1.
1066 131 1233 183 14·19.
1676 115 1715 172 9

131 176 200 216 οι.
221 175 282 216 25.
301 177 442 218 3—40.
459 179 516 228 4.]
1226 189 1231 192 ·

131 234 468 299 Μιλησίοισι,
479 237 982 307 παραδεξάμενοςτὸν
998 247 1225 312 πόλεμον
1240 248 1376 315 παρὰ
1392 252 1484 302 τοῦ
1499 249 1710 323 πατρός.

129 308 426 366 ἐπελαύνων
450 315 550 384 γὰρ
577 315 873 388 ἐπολιόρκεε
908 321 1001 388 τὴν
1036 325 1271 392 Μίλητον
1304 325 1477 400 τρόπῳ
1512 331 1707 402 τοιῷδε·
1734 341 1763 381 2

129 387 260 443 ὅκως
285 390 378 457 μὲν
398 389 472 458 εἴη
501 391 556 446 ἐν
575 398 637 462 τῇ
664 401 732 466 γῇ
751 400 941 467 καρπὸς
961 401 1129 470 ἁδρὸς,
1153 408 1420 470 τηνικαῦτα
1446 406 1712 472 ἐσέβαλλε

126 466 220 528 τὴν
248 468 511 538 στρατιήν.
558 470 896 544 ἐστρατεύετο
924 478 979 530 δὲ
1007 479 1106 532 ὑπὸ
1134 482 1396 552 συρίγγων
1420 505 1477 536 τε
1504 486 1585 538 καὶ
1610 509 1707 552 πη-
1732 501 1757 541 8

126 546 330 609 κτίδων,
360 549 442 600 καὶ
468 549 630 603 αὐλοῦ
655 549 946 621 γυναικηίου
972 577 1029 608 τε
1055 559 1136 610 καὶ
1163 555 1420 628 ἀνδρηίου.
1483 564 1549 616 ὧς
1577 564 1631 616 δὲ
1660 565 1709 619 ἐς
1731 575 1757 615 4

122 623 218 691 τὴν
251 627 516 695 Μιλησίην
541 629 792 697 ἀπίκοιτο,
822 631 1066 702 οἷκῆματα
1090 637 1185 704 μὲν
1210 638 1273 690 τὰ
1301 638 1381 691 ἐπὶ
1416 645 1516 693 τῶν
1542 641 1710 712 ἀγρῶν

123 705 247 755 οὔτε
293 704 598 769 κατέβαλλε,
636 710 756 762 οὔτε
795 711 1091 782 ἐνεπίμπρη,
1130 717 1248 768 οὔτε
1288 715 1443 786 θύρας
1478 718 1706 781 ἀπέσπα,

123 781 184 832 ἔα
211 781 268 832 δέ
295 784 422 836 κατὰ
447 786 620 856 χώρην
646 788 934 856 ἑστάμεναι·
981 793 1009 843 ὁ
1032 792 1086 845 δὲ
1114 794 1177 846 τά
1202 814 1260 847 τε
1286 795 1493 867 δένδρεα
1520 798 1602 850 καὶ
1618 799 1708 852 τὸν

124 861 322 928 καρπὸν
358 863 448 914 τὸν
486 863 542 916 ἐν
580 867 642 933 τῇ
679 871 750 936 γῇ
789 866 917 922 ὅκως
962 868 1277 942 διαφθείρειε
1329 873 1701 931 ἀπαλλάσσετο

123 936 316 991 ὀπίσω.
405 943 496 1008 τῆς
533 942 636 1013 γὰρ
677 943 949 1013 θαλάσσης
996 949 1044 1000 οἱ
1085 948 1334 1018 Μιλήσιοι
1384 953 1701 1024 ἐπεκράτεον,
1726 981 1751 1019 6

123 1015 265 1068 ὥστε
292 1016 503 1088 ἐπέδρης
527 1019 596 1088 μὴ
625 1017 749 1074 εἶναι
776 1023 928 1094 ἔργον
953 1027 1016 1094 τῇ
1044 1033 1275 1097 στρατιῇ.
1344 1031 1435 1086 τὰς
1462 1033 1516 1085 δὲ
1544 1032 1704 1088 οἰκίας
1724 1059 1751 1098 6

122 1093 186 1145 οὔ
207 1094 496 1159 κατέβαλλε
523 1101 550 1151 ὁ
572 1101 736 1156 Λυδὸς
756 1103 910 1155 τῶνδε
933 1100 1112 1165 εἵνεκα,
1136 1104 1263 1162 ὅκως
1289 1109 1457 1176 ἔχοιεν
1476 1110 1702 1164 ἐνθεῦτεν

121 1173 432 1241 ὁρμεώμενοι
447 1175 539 1244 τὴν
552 1179 650 1248 γῆν
678 1180 908 1250 σπείρειν
931 1203 989 1234 τε
1016 1185 1097 1236 καὶ
1125 1185 1427 1255 ἐργάζεσθαι
1454 1189 1502 1240 οἱ
1531 1187 1699 1256 Μιλή-

122 1270 250 1311 σιοι,
271 1251 421 1307 αὐτὸς
442 1255 515 1315 δὲ,
535 1254 736 1310 ἐκείνων
757 1258 1119 1328 ἐργαζομένων,
1142 1263 1255 1330 ἔχοι
1276 1285 1325 1316 τι
1353 1266 1435 1318 καὶ
1464 1265 1697 1320 σίνεσθαι

120 1329 424 1393 ἐσβάλλων.
631 1339 798 1388 Ταῦτα
838 1337 1042 1398 ποιέων,
1072 1339 1317 1409 ἐπολέμεε
1356 1343 1471 1396 ἔτεα
1506 1343 1697 1397 ἕνδεκα·
1732 1344 1803 1400 18

119 1407 178 1460 ἐν
212 1410 353 1462 τοῖσι
391 1413 630 1479 τρώματα
667 1415 868 1484 μεγάλα
908 1416 1130 1485 διφάσια
1169 1420 1443 1487 Μιλησίων
1483 1420 1699 1492 ἐγένετο,

118 1485 176 1538 ἔν
200 1507 260 1538 τε
293 1485 542 1562 Λιμενηίῳ
576 1492 748 1560 χώρης
782 1495 872 1560 τῆς
909 1495 1167 1565 σφετέρης
1201 1497 1587 1566 μαχεσαμένων,
1618 1499 1701 1550 καὶ

119 1563 177 1616 ἐν
211 1566 507 1638 Μαιάνδρου
538 1569 716 1641 πεδίῳ.
799 1571 862 1623 τὰ
897 1569 993 1639 μέν
1027 1594 1115 1626 νυν
1151 1573 1208 1640 ἓξ
1243 1577 1359 1628 ἔτεα
1393 1580 1495 1628 τῶν
1527 1575 1700 1629 ἕνδεκα
1719 1593 1745 1634 2

119 1643 410 1711 Σαδυάττης
445 1649 474 1698 ὁ
502 1644 728 1717 Ἀρδυος
757 1648 833 1700 ἔτι
866 1651 1044 1704 Λυδῶν
1068 1648 1213 1722 ἦρχε,
1244 1655 1273 1704 ὁ
1300 1654 1383 1706 καὶ
1419 1654 1700 1717 ἐσβάλλων

117 1725 389 1787 τηνικαῦτα
424 1725 475 1778 ἐς
510 1725 602 1793 τὴν
638 1727 902 1793 Μιλησίην
935 1721 1029 1796 τὴν
1064 1728 1324 1800 στρατιήν·
1390 1729 1699 1799 (Σαδυάττης

116 1799 220 1870 γὰρ
247 1798 397 1856 οὗτος
423 1803 504 1854 καὶ
532 1807 560 1856 ὁ
586 1805 676 1856 τὸν
701 1807 932 1872 πόλεμον
955 1803 1019 1872 ἦν
1045 1808 1333 1878 συνάψας·)
1377 1810 1440 1862 τὰ
1468 1810 1522 1863 δέ
1548 1809 1699 1864 πέντε
1732 1841 1827 1872 3,st

117 1883 220 1929 τῶν
245 1878 398 1933 ἐτέων
423 1882 486 1933 τὰ
523 1883 738 1949 ἑπόμενα
774 1885 913 1935 τοῖσι
950 1882 1008 1950 ἐξ
1033 1883 1312 1954 Ἀλυάττης
1340 1891 1367 1940 ὁ
1404 1889 1696 1942 Σαδυάττεω
1740 1883 1829 1925 ⁶1⁷·

119 1956 382 2024 ἐπολέμεε,
413 1957 470 2014 ὃς
495 1961 903 2030 παραδεξάμενος
934 1960 1027 2029 (ὣς
1053 1964 1134 2016 καὶ
1159 1968 1409 2036 πρότερόν
1433 1987 1521 2034 μοι
1548 1964 1693 2034 δεδή-

116 2034 302 2104 λωται)
332 2037 470 2108 παρὰ
495 2041 588 2090 τοῦ
612 2040 804 2108 πατρὸς
830 2040 918 2092 τὸν
942 2043 1187 2109 πόλεμον,
1216 2046 1469 2114 προσεῖχε
1496 2045 1695 2097 ἐντετα·

118 2112 295 2181 μένως.
377 2118 517 2168 τοῖσι
545 2117 600 2168 δὲ
633 2117 947 2184 Μιλησίοισι
973 2120 1183 2187 οὐδαμοὶ
1208 2120 1391 2174 Ἰώνων
1417 2123 1505 2174 τὸν
1534 2125 1691 2174 πόλε-
1714 2133 1739 2174 3

117 2213 212 2259 μον
237 2196 420 2246 τοῦτον
447 2196 919 2266 συνεπελάφρυνον,
950 2197 1029 2250 ὅτι
1054 2198 1122 2266 μὴ
1150 2202 1263 2251 Χῖοι
1289 2203 1485 2267 μοῦνοι.
1555 2198 1695 2252 οὗτοι
1716 2211 1741 2250 4

117 2270 172 2323 δὲ
211 2272 272 2324 τὸ
310 2274 486 2340 ὁμοῖον
538 2273 954 2330 ἀνταποδιδόντες
1000 2277 1287 2346 ἐτιμώρεον·
1372 2277 1453 2328 καὶ
1491 2277 1591 2347 γὰρ
1634 2277 1695 2344 δὴ

115 2351 364 2420 πρότερον
389 2352 438 2403 οἷ
465 2348 720 2419 Μιλήσιοι
739 2355 877 2405 τοῖσι
903 2353 1079 2406 Χίοισι
1106 2356 1195 2406 τὸν
1213 2356 1341 2423 πρὸς
1366 2353 1693 2424 Ἐρυθραίους

114 2429 342 2494 πόλεμον
363 2427 730 2496 συνδιήνεικαν.
928 2434 1011 2502 Τῷ
1032 2431 1087 2483 δὲ
1110 2432 1403 2502 δυωδεκάτῳ
1426 2433 1528 2483 ἔτεϊ
1545 2428 1691 2497 ληΐου
1715 2441 1790 2492 19

115 2505 493 2576 ἐμπιπραμένου
527 2508 624 2561 ὑπὸ
661 2511 747 2576 τῆς
782 2511 1042 2578 στρατιῆς,
1074 2508 1379 2576 συνηνείχθη
1416 2529 1466 2560 τι
1500 2509 1691 2560 τοιόνδε

113 2584 352 2656 γενέσθαι
391 2588 618 2657 πρῆγμα·
701 2588 770 2640 ὣς
803 2586 946 2654 ἅφθη
983 2586 1208 2653 τάχιστα
1244 2587 1305 2637 τὸ
1343 2582 1491 2651 λήϊον
1530 2584 1689 2654 ἀνέμῳ
