1975 2892
278 92 392 147 254
894 99 1303 145 ΗΡΟΔΟΤΟΥ

1633 155 1702 202 [Α.
1720 156 1766 193 c.
1785 156 1885 195 522.

139 217 232 299 22}-
278 211 544 281 ἀδελφεοί·
615 217 718 264 τῶν
767 212 857 264 τὸν
904 210 1079 279 ἕτερον
1124 208 1493 263 καταλελοίπεε
1544 213 1647 263 τῶν
1689 208 1882 263 οἰκίων

225 288 260 349 ‘2
277 291 564 358 μελεδωνὸν
616 292 645 343 ὁ
692 286 997 357 Καμβύσης.
1068 286 1218 342 οὗτος
1260 287 1321 355 δὴ
1371 286 1441 340 ὧν
1486 288 1535 339 οἱ
1582 287 1875 355 ἐπανέστη,

275 368 450 437 μαθών
469 389 524 421 τε
544 369 634 421 τὸν
658 367 900 437 Σμέρδιος
921 365 1155 425 θάνατον,
1180 367 1246 420 ὣς
1274 363 1546 435 κρύπτοιτο
1572 367 1879 436 γενόμενος,

277 448 359 500 καὶ
385 448 453 501 ὣς
477 446 648 517 ὀλίγοι
673 443 808 512 ἦσαν
827 446 876 497 οἱ
903 444 1235 512 ἐπιστάμενοι
1261 444 1415 498 αὐτὸν
1440 443 1705 513 Περσέων,
1728 446 1783 496 οἱ
1812 446 1881 497 δὲ

233 539 258 579 8
277 526 470 578 πολλοὶ
494 526 758 595 περιεόντα
791 544 878 592 μιν
903 522 1177 588 εἰδείησαν.
1218 524 1350 592 πρὸς
1376 525 1533 575 ταῦτα
1565 519 1879 585 βουλεύσας
1968 572 1970 577 .

276 604 414 663 τάδε,
446 603 750 672 ἐπεχείρησε
775 604 914 654 τοῖσι
948 595 1299 667 βασιληΐοισι.
1373 595 1480 652 Ἠν
1504 601 1555 653 οἱ
1582 600 1873 669 ἀδελφεὸς,

276 682 366 733 τὸν
411 676 527 734 εἶπά
573 682 622 733 οἱ
666 680 1121 745 συνεπαναστῆναι,
1160 678 1309 733 οἰκὼς
1350 679 1580 745 μάλιστα
1621 680 1681 731 τὸ
1728 674 1875 734 εἶδος

277 758 460 829 Σμέρδι
487 763 558 831 τῷ
585 755 774 829 Κύρου,
802 759 892 811 τὸν
918 759 947 809 ὁ
979 754 1285 824 Καμβύσης,
1314 756 1460 809 ἐόντα
1486 758 1679 813 ἑωυτοῦ
1702 756 1867 809 ἀδελ-

275 837 408 904 φεὸν
433 836 708 889 ἀπέκτεινε·
748 833 810 902 ἦν
835 857 892 889 τε
919 835 980 901 δὴ
1010 837 1184 903 ὁμοῖος
1203 830 1337 889 εἶδος
1363 838 1435 907 τῷ
1462 835 1665 905 Σμέρδι,
1688 835 1775 893 καὶ
1800 836 1869 903 δὴ

230 930 254 969 4
276 914 356 967 καὶ
383 916 573 981 οὔνομα
607 913 770 967 τώυτὸ
798 909 906 983 εἶχε
942 913 1176 984 Σμέρδιν.
1220 916 1403 965 τοῦτον
1428 914 1517 965 τὸν
1552 912 1709 983 ἄνδρα
1738 912 1864 966 ἅνα-

274 993 479 1055 γνώσας
494 993 523 1043 ὁ
540 992 721 1062 Μάγος
739 991 1057 1057 Πατιζείθης,
1076 991 1144 1046 ὥς
1160 992 1209 1044 οἱ
1228 991 1379 1046 αὐτὸς
1392 992 1557 1045 πάντα
1572 990 1865 1061 διαπρήξει,

227 1078 254 1119 6
276 1064 387 1122 εἷσε
413 1069 552 1140 ἄγων
577 1070 629 1125 ἐς
655 1071 745 1122 τὸν
778 1068 1061 1136 βασιλήϊον
1096 1069 1298 1140 θρόνον.
1340 1066 1565 1136 ποιήσας
1600 1070 1657 1123 δὲ
1683 1073 1863 1131 τοῦτο,

275 1146 490 1218 κήρυκας
515 1152 576 1216 τῇ
613 1169 670 1200 τε
696 1146 832 1214 ἂλῃ
871 1147 1133 1215 διέπεμπε,
1164 1148 1245 1200 καὶ
1282 1147 1343 1215 δὴ
1380 1148 1463 1199 καὶ
1488 1146 1543 1202 ἐς
1576 1144 1861 1218 Αῗγιηττον,

273 1225 582 1296 προερέοντα
599 1228 670 1297 τῷ
693 1226 913 1297 στρατῷ,
937 1226 1006 1280 ὣς
1024 1226 1267 1297 Σμέρδιος
1286 1229 1378 1279 τοῦ
1406 1223 1579 1296 Κύρου
1604 1226 1865 1281 ἀκουστέα

175 1305 251 1360 62
274 1300 349 1371 εἴη
376 1306 468 1357 τοῦ
500 1305 708 1364 λοιποῦ,
737 1302 855 1355 ἀλλ’
884 1302 945 1355 οὗ
983 1302 1296 1372 Καμβύσεω.
1507 1300 1576 1357 Οἵ
1605 1325 1665 1356 τε
1698 1304 1764 1371 δὴ
1794 1304 1865 1357 ὧν

273 1382 430 1435 ἄλλοι
483 1379 690 1452 κήρυκες
735 1384 1085 1452 προηγόρευον
1126 1386 1301 1443 ταῦτα,
1346 1382 1427 1435 καὶ
1474 1381 1535 1449 δὴ
1580 1381 1663 1434 καὶ
1704 1386 1734 1435 ὁ
1779 1381 1859 1436 ἐπ’

273 1457 532 1531 Αἴγυπτον
557 1458 780 1529 ταχθεὶς,
805 1457 1010 1530 εὕρισκε
1035 1460 1136 1532 γὰρ
1164 1457 1449 1529 Καμβύσεα
1474 1460 1669 1513 καὶτὸν
1694 1481 1855 1531 στρα-

272 1540 363 1591 τὸν
388 1539 536 1592 ἐόντα
561 1540 651 1606 τῆς
677 1538 859 1608 Συρίης
885 1538 939 1591 ἐν
962 1537 1352 1609 Ἀγβατάνοισι,
1380 1540 1700 1609 προηγόρευε
1726 1540 1857 1594 στὰς

224 1629 250 1671 2
273 1616 326 1671 ἐς
350 1617 515 1684 μέσον
539 1617 603 1670 τὰ
631 1616 962 1684 ἐντεταλμένα
989 1617 1046 1669 ἐκ
1072 1620 1165 1669 τοῦ
1202 1618 1403 1688 Μάγου.
1488 1615 1777 1685 Καμβύσης
1802 1618 1855 1671 δὲ

271 1691 496 1749 ἀκούσας
532 1698 690 1749 ταῦτα
724 1695 780 1748 ἐκ
814 1698 906 1747 τοῦ
943 1692 1174 1764 κήρυκος,
1205 1696 1287 1748 καὶ
1321 1694 1549 1750 ἐλπίσας
1572 1717 1663 1763 μιν
1685 1696 1857 1767 λέγειν

271 1771 482 1839 ἀληθέα,
493 1773 645 1828 αὐτός
659 1795 716 1825 τε
730 1773 1141 1844 προδεδόσθαι-ἐκ
1155 1773 1517 1843 Πρηξάσπεος,
1528 1771 1855 1845 (πεμφθέντα

270 1848 370 1919 γὰρ
396 1850 550 1903 αὐτὸν
577 1851 644 1905 ὧς
669 1851 1035 1905 ἀποκτενέοντα
1061 1852 1290 1921 Σμέρδιν,
1321 1851 1382 1904 οὐ
1407 1854 1622 1919 ποιῆσαι
1648 1846 1853 1922 ταῦτα,)

227 1935 251 1976 8
270 1926 482 1996 βλέψας
519 1928 571 1982 ἐς
605 1929 695 1981 τὸν
734 1929 1073 1998 Πρηξάσπεα,
1112 1925 1241 1983 εἶπε·
1292 1930 1328 1957 “
1347 1928 1682 2001 Πρήξασπες,
1720 1927 1855 1983 οὕτω

269 2024 356 2072 μοι
383 2003 656 2076 διεπρήξαο
683 2008 743 2059 τό
770 2027 850 2067 τοι
875 2007 1173 2077 προσέθηκα
1205 2009 1415 2078 πρῆγμα
1432 2004 1495 2070 ;”
1536 2007 1597 2060 Ὅ
1636 2008 1693 2061 δὲ
1720 2003 1853 2062 εἶπε·

272 2077 397 2135 “Ὠ
435 2082 680 2145 δέσποτα,
719 2084 811 2137 οὒκ
846 2086 960 2139 ἔστι
999 2088 1157 2139 ταῦτα
1193 2086 1401 2153 ἀληθέα,
1440 2084 1571 2141 ὅκως
1606 2086 1728 2139 κοτέ
1766 2108 1851 2140 σοι

269 2161 482 2232 Σμέρδις
517 2162 775 2233 ἀδελφεὸς
809 2166 839 2216 ὁ
881 2166 977 2219 σὸς
1018 2164 1346 2232 ἐπανέστηκε,
1386 2164 1504 2217 οὐδὲ
1540 2163 1672 2219 ὅκως
1708 2186 1757 2217 τι
1794 2166 1851 2232 ἐξ

265 2238 460 2293 ἐκείνου
495 2244 587 2293 τοῦ
621 2241 804 2313 ἀνδρὸς
838 2244 999 2297 νεῖκός
1034 2263 1113 2295 τοι
1149 2243 1297 2295 ἔσται
1332 2240 1363 2310 ἦ
1390 2243 1522 2312 μέγα
1552 2240 1583 2310 ἢ
1611 2247 1845 2313 σμικρόν·

268 2316 368 2386 ἐγὼ
402 2319 503 2388 γὰρ
537 2319 706 2381 αὐτὸς,
733 2318 956 2387 ποιῆσας
989 2321 1054 2373 τὰ
1090 2318 1161 2373 σύ
1198 2343 1263 2389 με
1290 2319 1535 2381 ἐκέλευες,
1566 2319 1745 2391 ἔθαψά
1766 2343 1847 2389 μιν

222 2409 248 2450 4
266 2397 423 2461 χερσὶ
441 2397 561 2463 τῇσι
583 2398 856 2465 ἐμεωυτοῦ.
900 2398 946 2450 εἷ
970 2397 1065 2465 μέν
1085 2420 1173 2452 νυν
1192 2400 1243 2451 οἶ
1264 2399 1533 2454 τεθνεῶτες
1552 2399 1843 2461 άνεστέασι,

267 2473 550 2535 προσδέκεό
589 2479 670 2527 τοι
707 2476 788 2528 καὶ
822 2474 1114 2547 Ἀστυάγεα
1148 2479 1239 2531 τὸν
1281 2478 1460 2544 Μῆδον
1495 2476 1841 2545 ἐπαναστήσε-

267 2542 406 2595 σθαι·
451 2548 496 2599 εἰ
543 2548 588 2601 δ’
625 2552 740 2605 ἔστι
781 2552 958 2624 ὥσπερ
992 2556 1095 2624 πρὸ
1137 2558 1249 2619 τοῦ,
1288 2556 1350 2609 οὔ
1388 2553 1459 2625 μῆ
1499 2576 1549 2609 τι
1586 2576 1667 2609 τοι
1703 2557 1759 2609 ἔκ
1786 2578 1845 2628 γε

1952 2202 1959 2335 ι’
