1975 2892
254 92 370 147 248
842 99 1245 145 ΗΡΟΔΟΤΟΥ

1604 162 1687 210 [Α.
1703 163 1751 201 c.
1776 163 1871 201 550.

255 211 564 284 Περίανδρος
597 211 875 270 ἀπέκτεινε.
905 210 1183 280 συμφορὴν
1216 208 1413 277 τοιήνδε
1448 210 1502 261 οἱ
1534 209 1723 276 ἄλλην
1766 233 1867 263 συ-

255 293 375 357 νέβη
402 292 530 360 πρὸς
565 291 627 358 τῇ
660 289 898 360 γεγονυίῃ
925 288 1186 359 γενέσθαι.
1230 286 1362 355 ἦσάν
1388 289 1439 340 οἱ
1468 286 1523 339 ἐκ
1560 290 1870 354 Μελίσσης

255 368 345 425 δύο
379 369 575 429 παῖδες,
604 368 804 435 ἡλικίην
830 371 859 421 6
894 368 1005 436 μὲν,
1044 367 1391 433 ἑπτακαίδεκα,
1422 370 1451 419 6
1488 366 1566 430 δὲ,
1594 366 1866 420 ὀκτωκαί-

208 459 235 501 8
257 450 374 501 δεκα
419 448 534 500 ἔτεα
577 448 817 518 γεγονώς.
873 444 1085 501 τούτους
1124 448 1153 499 6
1194 447 1534 516 μητροπάτωρ
1577 449 1867 515 Προκλῆς,

255 527 351 579 ε’ὼν
374 523 683 597 Ἐπιδαύρου
710 523 966 596 τύραννος,
997 525 1455 595 μεταπεμψάμενος
1480 522 1602 593 παρ’
1638 526 1865 585 εωυτὸν,

256 604 684 676 ἐφιλοφρονέετο,
715 604 783 658 ὣς
809 600 995 657 εἷκὸς’
965 625 1043 670 ην,
1068 602 1366 673 θυγατρὸς’
1339 606 1512 657 εόντας
1531 604 1625 670 τῆς
1658 604 1867 655 ἑωυτοῦ

207 698 234 738 ⁸
259 684 456 738 παῖδας.
499 682 611 736 ἐπεί
639 704 695 735 τε
721 681 781 733 δέ
813 682 984 750 σφεας
1012 680 1355 750 ἀπεπέμπετο,
1384 674 1495 733 εἷπε
1524 681 1866 779 προπέμπων

258 760 457 816 αὐτούς
530 756 600 787 “’
601 769 709 830 Apa
745 780 876 819 ιστε,
911 758 952 811 ὦ
998 760 1193 825 παῖδες,
1224 758 1280 814 ὃς
1322 759 1485 827 υμέων
1522 759 1619 827 τὴν
1656 758 1863 829 μητέρα

207 850 233 890 4
259 840 514 892 ἀπέκτεινε
533 835 584 899 ;”
626 839 786 890 Τοῦτο
814 839 873 889 τὸ
901 839 1025 893 ἔπος
1052 840 1080 891 6
1106 839 1199 906 μὲν
1217 835 1573 909 πρεσβύτερος
1600 837 1781 890 αὐτῶν
1806 838 1863 889 ἐν

257 917 424 969 οὐδενὶ
464 919 608 987 λόγῳ
651 914 948 983 ἐποιήσατο·
1000 921 1030 970 6
1067 918 1123 971 δὲ
1161 918 1418 986 νεώτερος,
1447 919 1519 988 τῷ
1556 918 1765 983 οὔνομα
1798 913 1861 981 ἦν

259 995 560 1064 Λυκόφρων,
589 997 798 1066 ἤλγησε
839 993 1064 1051 ἀκούσας
1100 993 1251 1057 οὕτω,
1282 996 1418 1049 ὥστε
1452 995 1771 1062 ἀπικόμενος
1806 994 1860 1047 ἐς

258 1073 348 1140 τὴν
385 1073 649 1143 Κόρινθον,
677 1074 766 1127 ἅτε
810 1074 974 1143 φονέα
1014 1076 1104 1143 τῆς
1144 1076 1334 1145 μητρὸς
1368 1075 1456 1127 τὸν
1490 1072 1693 1142 πατέρα
1736 1074 1859 1125 οὔτε

261 1154 528 1221 προσεῖπε,
577 1152 918 1225 διαλεγομένῳ
964 1174 1021 1206 τε
1067 1156 1183 1207 οὔτε
1228 1152 1651 1222 προσδιελέγετο,
1704 1153 1857 1205 ἱστο-

217 1250 242 1293 5
259 1230 428 1300 ρέοντί
462 1251 518 1283 τε
557 1233 718 1302 λόγον
745 1231 924 1285 οὐδένα
959 1231 1150 1285 ἐδίδου.
1199 1230 1350 1286 τέλος
1376 1230 1435 1285 δέ
1464 1252 1575 1326 μινί
1598 1229 1725 1299 πέρι
1762 1229 1855 1282 θυ·

263 1310 340 1381 μῷ
385 1309 642 1377 ἐχόμενος,
683 1312 712 1362 6
753 1309 1067 1380 Περίανδρος
1108 1307 1368 1377 ἐξελαύνει
1413 1308 1469 1361 ἐκ
1511 1314 1614 1361 τῶν
1654 1307 1853 1361 οικίων.

167 1389 238 1441 51
265 1388 552 1455 Ἐξελάσας
603 1385 658 1439 δὲ
710 1388 907 1447 τοῦτον,
964 1387 1167 1456 ιστόρεε
1222 1388 1313 1439 τὸν
1362 1384 1727 1457 πρεσβύτερον
1780 1383 1841 1435 τά

264 1466 372 1533 σφι
418 1467 448 1517 6
491 1464 828 1535 μητροπάτωρ
873 1464 1136 1534 διελέχθη.
1198 1466 1227 1517 6
1270 1464 1329 1517 δέ
1370 1464 1419 1516 οἱ
1460 1463 1738 1532 ἀπηγέετο,
1784 1462 1849 1517 ὥς

265 1544 438 1612 σφεας
481 1543 819 1613 φιλοφρόνως
859 1540 1088 1610 ἐδέξατο·
1146 1541 1340 1595 ἐκείνου
1380 1542 1436 1595 δὲ
1470 1545 1563 1595 τοῦ
1600 1542 1757 1597 ἔπεος
1793 1542 1848 1593 τό

265 1623 371 1690 σφι
414 1624 443 1674 6
480 1623 720 1692 Προκλῆς
759 1621 1104 1675 ἀποστέλλων
1130 1616 1257 1681 εἷπε,
1284 1620 1376 1673 ὅτε
1412 1620 1472 1673 οὗ
1506 1622 1608 1692 νόῳ
1648 1620 1845 1685 λαβὼν,

222 1710 246 1748 2
266 1699 356 1751 οὐκ
377 1699 642 1768 ἐμέμνητο.
686 1700 997 1771 Περίανδρος
1018 1700 1072 1754 δὲ
1094 1698 1333 1767 οὐδεμίαν
1350 1698 1579 1769 μηχανὴν
1596 1699 1703 1767 ἔφη
1726 1694 1849 1751 εἶναι

265 1777 333 1843 μὴ
361 1781 424 1830 οὔ
451 1780 555 1847 σφι
582 1778 770 1831 ἐκεῖνον
794 1777 1081 1832 ὑποθέσθαι
1116 1790 1185 1831 τι·
1228 1776 1470 1847 ε’λιπάρεέ
1494 1799 1549 1831 τε
1578 1777 1845 1847 ἱστορέων.

222 1862 246 1901 3
267 1857 294 1906 6
324 1855 397 1915 δὲ,
426 1855 779 1924 ἀναμνησθεὶς,
809 1851 918 1911 εἷπε
946 1857 1029 1910 καὶ
1070 1860 1242 1911 τοῦτο.
1326 1856 1640 1926 Περίανδρος
1667 1856 1723 1909 δὲ
1752 1858 1847 1927 νόῳ

265 1933 446 1995 λαβὼν
491 1934 572 1984 καὶ
618 1937 790 1994 τοῦτο,
840 1937 922 1990 καὶ
961 1936 1193 2003 μαλακὸν
1230 1934 1479 1988 ἐνδιδόναι
1529 1936 1849 2001 βουλόμενος

267 2009 431 2071 οὐδὲν,
461 2004 495 2076 ᾗ
520 2012 549 2062 6
575 2009 878 2077 ἐξελασθεὶς
916 2012 999 2067 ὑπ’
1029 2013 1186 2067 αὐτοῦ
1221 2016 1342 2067 παῖς
1378 2014 1573 2066 δίαιταν
1598 2010 1845 2073 ἐποιέετο,

266 2087 291 2141 ε’
297 2110 320 2143 ς
346 2086 555 2143 τούτους
581 2090 794 2157 πέμπων
821 2090 1065 2163 ἄγγελον,
1094 2091 1377 2162 ἀπηγόρευε
1404 2088 1471 2159 μή
1498 2111 1586 2159 μιν
1612 2090 1848 2144 δέκεσθαι

221 2174 247 2212 4
268 2168 492 2223 οἰκίοισι.
555 2171 586 2222 6
628 2169 702 2228 δὲ,
751 2166 882 2225 ὅκως
927 2171 1334 2237 ἀπελαυνόμενος
1386 2169 1533 2223 ἔλθοι
1584 2168 1640 2224 ἐς
1688 2169 1849 2237 ἄλλην

267 2247 445 2314 οἰκίην,
487 2245 783 2301 ἀπηλαύνετ’
825 2247 887 2300 ἂν
925 2250 1009 2302 καὶ
1047 2248 1148 2302 άπὸ
1189 2246 1389 2315 ταύτης,
1432 2246 1761 2303 ἀπειλέοντός
1796 2272 1848 2302 τε

265 2327 358 2375 τοῦ
385 2326 700 2394 Περιάνδρου
727 2344 868 2377 τοισι
893 2326 1236 2393 δεξαμένοισι,
1260 2328 1341 2379 καὶ
1367 2326 1595 2397 ἐξέργειν
1616 2325 1845 2381 κελεύον-

221 2403 244 2439 5
266 2418 372 2449 τος.
421 2402 824 2469 ἀπελαυνόμενος
862 2402 905 2456 δ’
935 2403 998 2456 ἂν
1033 2407 1114 2471 ἤιε
1150 2404 1230 2457 ἐπ’
1270 2402 1445 2501 ἑτέρην
1479 2409 1581 2457 τῶν
1616 2403 1841 2474 ἑταίρων·

265 2473 314 2518 οἱ
341 2473 478 2530 δὲ,“
445 2498 534 2529 ατε
560 2479 926 2547 Περιάνδρου’
903 2483 1054 2533 εόντα
1078 2484 1253 2542 παῖδα,
1285 2484 1465 2552 καίπερ
1494 2481 1844 2549 δειμαίνοντες,

171 2540 295 2588 52
265 2562 400 2604 Ομωὺ·
451 2547 703 2606 ἐδέκοντο.
901 2557 1065 2613 Τέλος
1103 2560 1159 2612 δὲ
1196 2564 1226 2613 6
1267 2560 1579 2631 Περίανδρος
1620 2558 1845 2631 κήρυγμα

1958 690 1961 795 1
