1975 2892
517 135 713 182 ΕΥΤΕ
726 135 821 180 ΡΠ
835 87 1058 181 Hel—11.
1089 147 1265 194 30-33.
1575 126 1688 185 137

102 265 207 297 των
242 244 538 316 ἀνθρώπων,
572 248 635 300 τὰ
675 246 953 319 κατύπερθε
995 249 1240 320 θηριώδης
1279 250 1395 305 ε’στὶ
1432 250 1463 318 ἥ
1505 250 1688 319 Λιβύη·

102 324 169 374 τὰ
208 324 267 376 δὲ
308 322 589 394 κατ-ὕπερθε
626 327 715 393 τῆς
756 325 1045 397 θηριώδεος,
1082 330 1299 397 ψάμμος
1336 329 1396 381 τέ
1434 330 1567 391 ἐστι,
1608 331 1688 383 καὶ

102 401 321 469 ἄνυδρος
346 402 532 465 δεινῶς,
562 402 643 454 καὶ
670 402 853 470 ε’ρῆμος
875 398 1125 475 πάντων.)
1140 400 1438 457 “Ἐκείνους
1463 401 1532 455 ὦν
1557 407 1674 462 τοὺς
1697 422 1723 463 6

100 478 300 543 νεηνίας
334 478 787 547 ἀποπεμπομένους
822 480 922 533 ὑπὸ
958 484 1061 531 τῶν
1095 479 1301 547 ἡλίκων,
1331 478 1488 533 ὕδασί
1522 503 1580 534 τε
1606 483 1686 534 καὶ

100 555 327 608 σιτίοισι
361 554 417 608 εὖ
454 555 835 625 ἐξηρτυμένους,
876 556 1003 609 ἰέναι
1043 558 1108 609 τὰ
1141 563 1319 627 πρῶτα
1352 558 1444 625 μὲν
1480 559 1563 611 διὰ
1597 561 1688 627 τῆς

100 633 406 700 οἰκεομένης·
462 631 649 701 ταύτην
692 634 749 687 δὲ
796 634 1165 701 διεξελθόντας,
1212 636 1264 690 ε“ς
1307 634 1399 702 τὴν
1442 634 1688 705 θηριώδεα

99 710 393 765 ἀπικέσθαι·
439 711 495 763 ἐκ
521 712 577 764 δὲ
603 708 803 778 ταύτης,
831 711 924 779 τὴν
958 712 1146 783 ἐρῆμον
1171 713 1422 779 διεξιέναι,
1451 714 1543 781 τὴν
1567 714 1687 767 ὁδὸν

97 789 427 857 ποιευμένους
442 790 571 859 πρὸς
589 788 811 860 ζέφυρον
829 790 1031 858 ἄνεμον·
1070 790 1425 857 διεξελθόντας
1440 792 1496 845 δὲ
1513 796 1723 861 χῶρονῖ

96 868 306 921 πολλὸν
343 867 651 938 ψαμμώδεα,
691 868 771 919 καὶ
812 868 867 920 ἐν
908 870 1143 935 πολλῇσι
1189 868 1424 940 ἡμέρῃσι,
1463 869 1587 923 ἰδεῖν
1621 870 1682 938 δὴ

20 978 25 981 -
97 966 220 998 κοτε
254 945 464 1014 δένδρεα
502 944 558 997 ἐν
594 944 755 1017 πεδίῳ
794 946 1081 1015 πεφυκότα·
1127 947 1210 999 καί
1244 949 1416 1016 σφεας
1448 950 1678 1019 προσελ·

96 1023 300 1084 θόντας,
322 1022 577 1076 ἅπτεσθαι
602 1026 695 1075 τὀὓ
714 1022 951 1078 ἐπεόντος
969 1024 1056 1077 ἐπὶ
1075 1029 1176 1077 τῶν
1201 1025 1445 1095 δενδρέων
1464 1029 1676 1097 καρποῦ.

96 1099 436 1168 ἁπτομένοισι
471 1100 531 1153 δέ
568 1102 673 1170 σφι
712 1100 947 1154 ἐπελθεῖν
984 1102 1172 1173 ἄνδρας
1203 1102 1428 1173 μικροὺς,
1464 1104 1718 1174 μετρίων8

94 1177 396 1232 ἐλάσσονας
420 1178 632 1249 ἀνδρῶν,
660 1180 917 1243 λαβόντας
943 1180 999 1233 δὲ
1024 1179 1166 1251 ἄγειν
1192 1180 1378 1250 σφέας·
1421 1182 1599 1250 φωνῆς
1625 1182 1682 1235 δὲ

96 1258 218 1308 οὔτε
238 1276 289 1308 τι
334 1257 424 1323 τῆς
465 1255 665 1309 ἐκείνων
708 1256 827 1310 τοὺς
871 1263 1193 1326 Νασαμῶνας
1231 1260 1518 1328 γινώσκειν,
1563 1262 1682 1311 οὔτε

97 1333 219 1387 τοὺς
256 1332 473 1404 ἄγοντας
506 1338 606 1387 τῶν
641 1336 987 1402 Νασαμώνων.
1031 1336 1174 1406 ἄγειν
1207 1357 1263 1389 τε
1299 1337 1361 1404 δὴ
1396 1336 1578 1390 αὖτοὺς
1613 1336 1678 1388 δι’
1695 1352 1720 1393 0

97 1410 262 1464 ἐλέων
296 1411 572 1481 μεγίστων,
610 1413 692 1465 καὶ
728 1412 1080 1478 διεξελθόντας
1114 1417 1288 1478 ταῦτα,
1318 1412 1590 1466 ἀπικέσθαι
1625 1414 1680 1467 “ε’ς

95 1492 275 1550 πόλιν,
318 1490 373 1541 ε’ν
410 1493 472 1557 τῇ
510 1490 731 1545 ἅπαντας
776 1486 901 1543 εἶναι
947 1494 1088 1543 τοῖσι
1133 1490 1322 1561 ἄγουσι
1360 1492 1420 1543 τὸ
1459 1488 1680 1560 μέγαθος

94 1564 269 1627 ἴσους,
312 1572 493 1637 χρῶμα
535 1567 591 1620 δὲ
636 1565 877 1635 μέλανας.
931 1568 1071 1637 παρὰ
1117 1567 1173 1620 δὲ
1219 1567 1310 1635 τὴν
1348 1570 1504 1621 πόλιν
1547 1564 1680 1636 ῥέειν
1698 1583 1748 1625 lo

94 1646 333 1712 ποταμὸν
356 1644 532 1715 μέγαν·
574 1644 708 1715 ῥέειν
734 1646 789 1698 δὲ
817 1645 917 1698 ἀπὸ
946 1643 1168 1714 ἑσπέρης
1193 1645 1346 1698 αὐτὸν
1369 1646 1498 1715 πρὸς
1524 1644 1681 1713 ἥλιον

94 1722 473 1775 ἀνατέλλοντα·
530 1721 808 1792 φαίνεσθαι
861 1723 917 1776 δὲ
971 1723 1027 1775 ἐν
1077 1722 1212 1795 αὐτῷ
1264 1719 1678 1792 κροκοδείλους.”

95 1799 161 1853 ‘0
208 1800 303 1868 μὲν
343 1799 405 1867 δὴ
446 1803 537 1852 τοῦ
581 1799 867 1866 Ἀμμωνίου
907 1797 1190 1868 Ἐτεάρχου
1228 1798 1388 1868 λόγος
1429 1797 1482 1852 ἐς
1523 1799 1674 1850 τοῦτό
1700 1797 1776 1852 33

96 1897 189 1945 μοι
234 1874 564 1941 δεδηλώσθω·
619 1875 758 1942 πλὴν
797 1873 875 1926 ὅτι
923 1879 959 1901 “
977 1874 1333 1943 ἀπονοστῆσαί
1377 1896 1435 1927 τε
1479 1875 1682 1943 ἔφασκε

99 1954 222 2008 τοὺς
254 1958 592 2020 Νασαμῶνας,
622 1953 690 2007 ὣς
724 1954 774 2004 οἱ
808 1955 1078 2023 Κυρηναῖοι
1115 1954 1322 2025 ἔλεγον·
1365 1954 1447 2006 καὶ
1483 1952 1536 2007 ἐς
1561 1953 1680 2007 τοὺς

100 2031 245 2085 οὗτοι
264 2029 504 2084 ἀπίκοντο
524 2029 836 2100 ἀνθρώπους,
856 2034 1044 2099 γόητας
1064 2026 1188 2083 εἶναι
1212 2027 1463 2103 πάντας.”
1503 2034 1605 2083 Τὸν
1623 2030 1679 2083 δὲ
1697 2046 1722 2086 2

101 2110 165 2177 δὴ
190 2109 422 2177 ποταμὸν
445 2112 628 2162 τοῦτον
653 2110 742 2162 τὸν
756 2107 1104 2178 παραρρέοντα
1126 2109 1207 2160 καὶ
1231 2106 1508 2178 Ἐτέαρχος
1527 2128 1676 2159 συνε-

99 2188 334 2242 Βάλλετο
373 2181 499 2239 εἶναι
536 2187 625 2239 τὸν
670 2188 883 2239 Νεῖλον·
940 2186 1022 2237 καὶ
1061 2185 1122 2252 δὴ
1164 2185 1245 2237 καὶ
1284 2188 1313 2237 ὁ
1351 2187 1510 2253 λόγος
1549 2180 1680 2235 οὕτω

100 2264 280 2335 αἱρέει.
321 2263 427 2335 ῥέει
450 2264 552 2334 γὰρ
579 2264 635 2316 ἐκ
662 2261 852 2330 Λιβύης
879 2265 909 2315 ὁ
941 2263 1148 2322 Νεῖλος,
1180 2262 1261 2313 καὶ
1295 2261 1459 2329 μέσην
1483 2261 1684 2328 τάμνων

100 2340 315 2409 Λιβύην·
360 2342 442 2394 καὶ
478 2339 573 2413 (ὣς
608 2342 709 2413 ἐγὼ
746 2341 1135 2409 συμβάλλομαι,
1163 2341 1304 2391 τοῖσι
1340 2338 1594 2407 ἐμφανέσι
1620 2338 1682 2390 τὰ
1698 2352 1722 2392 8

100 2421 171 2489 μὴ
197 2421 547 2491 γινωσκόμενα
580 2416 989 2489 τεκμαιρόμενος)
1020 2420 1092 2490 τῷ
1114 2414 1312 2488 Ἴστρῳ
1340 2416 1394 2468 έκ
1429 2420 1530 2468 τῶν
1552 2412 1684 2467 ἴσων

100 2500 303 2568 μέτρων
326 2498 559 2567 ὁρμᾶται.
627 2494 840 2566 Ἴστρος
866 2516 921 2547 τε
945 2496 1047 2565 γὰρ
1073 2494 1300 2561 ποταμὸς
1326 2492 1604 2563 ἀρξάμενος
1631 2493 1684 2543 ἐκ
1701 2506 1725 2547 4

105 2577 317 2628 Κελτῶν
356 2576 438 2627 καὶ
484 2572 719 2646 Πυρῆνης
762 2576 961 2634 πόλιος,
1003 2571 1108 2642 ῥέει
1152 2570 1316 2639 μέσην
1363 2571 1558 2639 σχίζων
1595 2569 1686 2636 τὴν
