1975 2892
572 126 1217 194 KAEIQ.—-1.179·.183
1614 130 1692 184 99

80 187 150 227 ol.
175 188 243 228 80.
262 188 325 235 80]

89 240 153 292 ἐν
180 240 355 312 μέσῳ.
399 241 453 294 έν
477 260 549 313 τω
585 230 673 307 ἦεν
698 242 761 293 τὰ
795 240 1068 309 βασιλῆἵα,
1097 240 1364 318 περιβόλῳ
1398 244 1610 318 μεγάλῳ
1636 268 1695 300 τε

90 338 184 370 και
216 318 441 390 ἰσχυρῷ·
487 318 540 371 ἐν
567 319 623 372 δὲ
649 322 721 371 τῶ
748 320 921 393 ἑτέρῳ,
945 322 1068 377 Διὸς
1094 320 1264 389 Βήλου
1293 324 1402 394 ἱρὸν
1425 327 1690 393 χαλκόπυ-

86 397 218 457 λον,
252 397 337 448 και
364 418 415 451 ες
451 396 537 464 ε’με
574 401 726 450 τοῦτο
762 399 837 449 ἔτι
875 399 976 460 ε’ὸν,
1009 396 1100 452 δύο
1139 400 1362 454 σταδίων
1394 404 1576 469 πάντη,
1607 403 1694 456 ε’ὸν

88 476 441 544 τετράγωνον.
500 476 555 528 ἐν
577 476 722 547 μέσῳ
750 475 805 529 δὲ
833 479 925 528 τοῦ
952 477 1066 548 ἱροῦ
1091 474 1288 547 πύργος
1315 482 1524 550 στερεὸς
1550 480 1686 534 οἶκο-
1709 489 1736 531 8

90 552 338 619 δόμηται,
370 552 585 606 σταδίου
626 555 708 606 καὶ
746 554 806 606 τὸ
845 556 1008 621 μῆκος
1047 555 1129 607 καὶ
1167 556 1228 608 τὸ
1270 553 1434 626 εὖρος·
1484 559 1566 611 καὶ
1607 559 1692 612 ε’πὶ

87 628 269 703 τούτῳ
310 634 383 703 τῷ
421 629 603 703 πύργῳ
642 631 808 686 ἄλλος
846 630 1044 702 πύργος
1083 632 1379 701 ε’πιβέβηκε,
1409 636 1492 687 καὶ
1519 634 1692 707 ἔτερος

86 707 295 805 μάλα
270 710 358 761 επὶ
385 707 567 781 τούτῳ,
596 710 779 779 μέχρις
814 708 875 761 ου
909 710 1044 763 ὀκτὼ
1069 708 1293 782 πύργων.
1351 713 1606 811 ἀνάβασις
1631 714 1688 767 δὲ
1711 723 1738 765 4

89 785 149 842 ε’ς
202 786 391 842 αὐτοὺς
437 787 625 853 ἔξωθεν
672 786 842 859 κύκλῳ
888 789 1007 859 περὶ
1051 790 1244 845 πάντας
1287 790 1408 846 τοὺς
1459 789 1690 862 πύργους

85 865 303 933 ἔχουσα
348 867 639 932 πεποίηται.
709 869 955 934 μεσοῦντι
1001 867 1061 920 δέ
1103 888 1195 920 κου
1245 870 1337 936 τῆς
1381 869 1681 933 ἀναβάσιος,
1707 882 1734 922 6

86 943 214 995 ἔστι
264 942 531 1014 καταγωγή
578 965 637 995 τε
682 945 764 996 καὶ
810 941 963 997 θῶκοι
1009 945 1403 1016 ἀμπαυστήριοι,
1447 947 1504 1001 ε’ν
1543 951 1685 1001 τοῖσι

84 1020 388 1087 κατίζοντες
414 1020 727 1085 ἀμπαύονται
754 1024 804 1073 οί
831 1022 1206 1086 ἀναβαίνοντες.
1249 1023 1306 1077 έν
1325 1025 1381 1078 δε
1406 1047 1479 1099 τφ
1503 1029 1732 1079 τελευοῦ

86 1100 224 1173 ταῖς)
265 1097 447 1194 πύργῳ
486 1101 603 1167 νηὸς
642 1100 823 1153 ἔπεστι
860 1099 1036 1170 μέγας·
1093 1100 1150 1154 έν
1190 1101 1246 1155 δε
1283 1104 1357 1176 τῷ
1395 1108 1497 1177 νηῷ
1536 1104 1682 1173 κλίνη

84 1180 299 1248 μεγάλη
328 1178 490 1229 κέεται
518 1175 625 1230 εὖ’
601 1177 913 1248 εστρωμένη,
944 1178 1029 1231 καί
1055 1180 1105 1231 οἱ
1131 1180 1354 1250 τράπεζα
1379 1182 1682 1253 παρακέεται

85 1255 318 1323 χρυσέη.
374 1255 581 1325 ἄγαλμα
616 1256 671 1309 δε
708 1276 799 1308 ουκ
834 1256 905 1308 ἔνι
942 1256 1090 1309 ουᾶἑν
1125 1258 1302 1311 αὐτόθι
1336 1258 1676 1331 ἐνιδρυμένον·
1708 1266 1732 1309 7

86 1334 215 1387 οὐδε
260 1331 411 1387 νύκτα
451 1333 615 1389 οὐδεὶς
654 1332 967 1399 ἐναυλίζεται
1007 1334 1302 1407 ἀνθρώπων,
1331 1336 1410 1390 ὅτι
1448 1338 1517 1406 μὴ
1551 1338 1678 1408 γυνὴ

84 1410 257 1477 μούνη
286 1417 385 1464 τῶν
410 1410 718 1481 ἐπιχωρίων,
746 1412 839 1480 τὴν
864 1412 925 1465 ἃν
951 1415 980 1465 ὁ
1011 1413 1127 1469 θεὸς
1157 1414 1340 1479 ἕληται
1365 1414 1423 1467 ε’κ
1449 1414 1676 1476 πασέων,

88 1490 159 1544 ὣς
185 1489 411 1560 λέγουσι
438 1491 489 1543 οἶ
527 1491 794 1551 Χαλδαῖοι,
826 1490 994 1545 ἐόντες
1031 1491 1160 1557 ἱρέες
1195 1490 1380 1545 τούτου
1405 1495 1498 1545 τοῦ
1535 1491 1674 1547 θεοῦ.

97 1565 242 1617 Φασὶ
278 1564 331 1616 δὲ
368 1566 417 1615 οἱ
455 1563 596 1615 αὐτοὶ
636 1560 791 1623 οὗτοι,
831 1560 941 1628 ε’μοὶ
981 1561 1076 1627 μὲν
1113 1560 1172 1611 οὐ
1211 1563 1374 1612 πιστὰ
1411 1562 1666 1629 λέγοντες,
1711 1565 1820 1619 182

97 1644 193 1693 τὸν
243 1640 359 1693 θεὸν
411 1640 561 1694 αὐτὸν
599 1640 787 1709 φοιτᾶν
825 1659 882 1690 τε
922 1638 975 1692 ές
1013 1638 1102 1690 τὸν
1144 1637 1276 1704 νηὸν,
1323 1638 1405 1691 καὶ
1443 1634 1666 1705 ἀμπαύε-

100 1718 231 1771 σθαι
260 1718 343 1772 έπὶ
367 1720 457 1784 τῆς
482 1718 669 1784 κλίνης,
701 1717 923 1785 κατάπερ
951 1716 1007 1767 ἐν
1033 1712 1244 1782 Θήβῃσι
1267 1718 1394 1782 τῇσι
1421 1715 1664 1785 Αἰγυπτί-

94 1810 193 1855 ῃσι
236 1789 363 1841 κατὰ
400 1791 489 1841 τὸν
527 1790 681 1842 αὐτὸν
716 1792 925 1859 τρόπον,
956 1790 1024 1843 ὡς
1057 1790 1280 1861 λέγουσι
1315 1792 1364 1844 οἱ
1390 1790 1677 1863 Αἰγύπτιοι·

96 1868 183 1920 καὶ
206 1868 311 1937 γὰρ
338 1868 399 1935 δὴ
426 1866 583 1920 ε’κεῖθι
610 1870 841 1934 κοιμᾶται
867 1866 925 1919 έν
949 1872 1022 1940 τῷ
1049 1872 1141 1921 τοῦ
1161 1870 1285 1924 Διὸς
1310 1874 1402 1924 τοῦ
1429 1871 1678 1938 θηβαιέος

94 1943 246 2014 γυνῆ·
290 1946 579 2015 ἀμφότεραι
604 1946 661 1998 δε
688 1943 835 1997 αὗται
870 1946 1111 2017 λέγονται
1146 1948 1342 2018 ἀνδρῶν
1367 1949 1652 2018 οὗδαμῶν’
1625 1972 1677 2005 ες
1700 1966 1726 2005 2

97 2023 307 2122 ὁμιλίην
340 2025 550 2093 φοιτᾶν·
594 2044 677 2076 και
713 2024 934 2095 κατάπερ
970 2024 1028 2077 ἐν
1053 2026 1343 2097 Πατάροισι
1377 2030 1467 2095 τῆς
1494 2028 1678 2094 Λυκίης

97 2099 127 2167 ἡ
167 2104 447 2172 πρόμαντις
486 2105 578 2154 τοῦ
616 2101 752 2161 θεοῦ,
780 2099 941 2154 ε’πεὰν
973 2104 1196 2200 γένηται·
1241 2104 1301 2157 οὗ
1335 2106 1437 2176 γὰρ
1474 2104 1543 2157 ὧν
1579 2105 1678 2159 αίεί

96 2177 215 2231 ε’στι
252 2178 579 2267 χρηστήριον
622 2178 817 2232 αὐτόθι·
878 2178 1035 2233 ε’πεᾶν
1081 2181 1136 2232 δὲ
1181 2180 1403 2247 γένηται,
1448 2185 1564 2235 τότε
1609 2182 1678 2235 ὣν

100 2250 556 2317 σ-ινγκατακληῖεται
601 2250 691 2305 τὰς
736 2250 914 2307 νύκτας
958 2255 1066 2307 ἴσω
1105 2252 1160 2305 ἐν
1199 2257 1271 2325 τῷ
1319 2258 1435 2327 νηῷ.
1505 2254 1664 2309 Ἐστι
1705 2259 1814 2313 183

102 2326 155 2378 δε
194 2329 285 2378 τοῦ
322 2326 376 2379 έν
413 2329 680 2391 Βαβυλῶνι
724 2332 834 2400 ἱροῦ
875 2332 956 2383 καὶ
996 2330 1158 2387 ἅλλος
1197 2333 1330 2383 κάτω
1375 2334 1505 2399 νηός·
1546 2334 1666 2387 ενθα

102 2403 307 2473 αγαλμα
345 2404 476 2475 μέγα
514 2409 603 2459 τοῦ
646 2408 834 2462 Διὸς*
804 2429 877 2460 ενι
917 2406 1192 2476 κατήμενον
1223 2406 1462 2478 χρύσεον,
1499 2411 1581 2463 καί
1615 2414 1664 2466 οἱ

102 2482 325 2550 τράπεζα
358 2482 555 2553 μεγάλη
592 2486 891 2555 παρακέεται
925 2486 1138 2555 χρυσέη,
1175 2487 1256 2538 καὶ
1290 2488 1350 2537 τὸ
1385 2487 1581 2558 βάθρον
1615 2491 1664 2542 οἱ

104 2560 187 2613 καὶ
212 2562 239 2611 ὁ
267 2559 445 2625 θρόνος
477 2559 701 2631 χρύσεός
736 2563 866 2617 ἐστι·
909 2566 992 2617 καὶ
1017 2565 1083 2619 ὡς
1109 2565 1300 2633 ἔλεγον
1325 2566 1372 2617 οἱ
1400 2566 1662 2630 Χαλδαῖοι,

761 2739 1306 2853 214835
