1975 2892
313 85 439 154 352'
895 105 944 150 H
957 105 1045 150 po
1056 105 1098 152 Δ
1110 104 1199 150 οΤ
1212 104 1307 150 ογ

1532 153 1601 198 [Α.
1620 154 1670 192 0.
1692 154 1903 196 ⁶15-50t

261 234 288 276 ο
313 218 548 287 φυλακῆς
565 216 923 286 παρεχόμενοι.
967 217 1126 268 ταῦτα
1146 213 1201 268 δὲ
1221 217 1497 274 ποιεῦντες.
1522 215 1643 281 ἐμοὶ
1670 217 1907 284 μεγάλως

310 291 635 365 χαριεῖσθε.”
719 295 932 363 Δαρεῖος
971 293 1065 360 μέν
1105 295 1265 346 ταῦτα
1306 288 1467 352 εἴπας.
1512 292 1567 346 ἐς
1608 293 1680 345 τὸ
1728 295 1903 363 πρόσω

313 373 564 438 ἐπείγετο.
1326 441 1331 444 ¹

207 453 286 508 99
401 453 502 518 Τῆς
545 451 603 504 δὲ
649 448 890 513 Σκυθικῆς
940 449 1036 511 ’γῆς
1080 447 1111 511 ἡ
1160 445 1351 513 Θρηίκη
1403 449 1463 504 τὸ
1516 448 1572 504 ἐς
1624 448 1902 502 θάλασσαι

308 525 586 593 πρόκειται·
631 524 826 576 κόλπου
852 520 908 573 δὲ
935 520 1187 590 ἀγομένου
1221 522 1309 586 τῆς
1342 521 1437 588 γῆς
1461 519 1674 588 ταύτης,
1706 521 1740 588 ἡ
1778 529 1897 576 Σκυ-

309 599 424 668 θικῆ
450 623 508 653 τε
544 599 811 660 ἐκδέκεται,
840 599 922 650 καὶ
957 600 985 650 ὁ
1012 595 1225 667 Ἴστρος
1252 597 1443 653 ἐκδιδοῖ
1474 597 1526 651 ἐς
1562 597 1753 664 αὐτὴν,
1782 602 1905 670 πρὸς

259 702 287 741 2
309 675 458 749 εὖρον
483 677 666 746 ἄνεμον
682 679 742 730 τὸ
765 679 932 744 στόμα
954 676 1313 745 τετραμμένος.
1368 677 1437 728 Τὸ
1459 675 1513 728 δὲ
1534 676 1639 728 ἀπὸ
1658 674 1905 746 Ἵστρον.

307 756 522 854 ἔρχομαι
550 753 812 823 σημανέων
835 753 895 808 τὸ
915 756 1045 823 πρὸς
1072 752 1349 806 θάλασσαν
1368 752 1519 848 αὐτῆς
1538 754 1629 819 τῆς
1652 755 1907 852 Σκυθικῆς

259 854 285 900 0
306 835 476 903 χώρης
519 833 571 887 ἐς
621 832 885 902 μέτρησιν.
967 829 1097 884 Ἀπὸ
1138 827 1354 902 Ἴστρου
1395 828 1517 897 αὕτη
1562 832 1663 899 ἤδη
1716 832 1904 902 ἀρχαίη

306 908 519 978 Σκυθικῆ
561 909 694 969 ἐστι,
737 910 866 978 πρὸς
916 908 1244 978 μεσαμβρίην
1282 930 1339 962 τε
1378 909 1461 962 καὶ
1505 911 1659 962 νότον
1716 910 1906 978 ἄνεμον

257 1008 283 1050 4
306 987 520 1055 κειμένη,
556 987 710 1057 μέχρι
745 989 929 1041 πόλιος
965 986 1271 1054 καλεομένης
1312 985 1687 1057 Καρκινίτιδος.
1750 989 1813 1042 τὸ
1852 989 1905 1042 δὲ

303 1064 404 1119 ἀπὸ
431 1087 630 1133 ταυτης,
654 1064 744 1132 τὴν
769 1064 862 1132 μὲν
889 1063 972 1117 ε’πὶ
1000 1062 1277 1117 θάλασσαν
1301 1064 1393 1132 τὴν
1418 1063 1573 1130 αὐτὴν
1599 1065 1901 1134 φέρουσαν,

304 1142 492 1196 ἐοῦσαν
517 1140 715 1212 ὀρεινήν
739 1163 796 1194 τε
820 1142 995 1211 χώρην
1021 1142 1104 1196 καὶ
1128 1141 1457 1211 προκειμένην
1491 1143 1551 1194 τὸ
1580 1141 1633 1197 ἐς
1672 1145 1901 1205 Πόντον,

304 1220 501 1288 νέμεται
527 1221 588 1274 τὸ
614 1221 861 1289 Ταυρικὸν
887 1218 1049 1286 ἔθνος,
1079 1218 1235 1288 μέχρι
1270 1217 1611 1290 Χερσονήσου
1637 1221 1737 1288 τῆς
1763 1229 1901 1292 Τρη·

303 1299 424 1370 χέης
461 1297 783 1366 καλεομένης·
829 1294 952 1363 αὕτη
992 1297 1047 1350 δὲ
1084 1298 1137 1352 ἐς
1171 1295 1448 1352 θάλασσαν
1472 1297 1563 1364 τὴν
1598 1299 1733 1366 πρὸς
1760 1299 1899 1366 ἀπη-

257 1398 282 1439 5
303 1379 490 1445 λιώτην
516 1376 698 1444 ἄνεμον
725 1373 944 1443 κατήκει.
1003 1372 1163 1428 Ἐστι
1188 1375 1289 1446 γὰρ
1316 1377 1407 1442 τῆς
1433 1374 1681 1441 Σκυθικῆς
1707 1376 1776 1428 τὰ
1804 1375 1901 1430 δύο

302 1455 456 1525 μέρεα
495 1459 595 1508 τῶν
633 1456 797 1524 οὔρων
837 1453 889 1508 ἐς
929 1451 1206 1506 θάλασσαν
1244 1453 1487 1524 φέροντα,
1529 1450 1622 1520 τήν
1660 1473 1723 1506 τε
1764 1460 1902 1524 πρὸς

301 1532 644 1603 μεσαμβρίην,
674 1530 756 1584 καὶ
781 1530 874 1597 τὴν
898 1533 1028 1600 πρὸς
1054 1529 1145 1596 τὴν
1171 1527 1263 1597 ἦῶ,
1286 1531 1510 1600 κατάπερ
1534 1533 1627 1598 τῆς
1650 1529 1901 1600 Ἀττικῆς

301 1611 489 1678 χώρης·
542 1610 623 1662 καὶ
657 1606 995 1680 παραπλήσια
1030 1605 1185 1674 ταύτῃ
1224 1608 1305 1662 καὶ
1340 1609 1391 1662 οἱ
1425 1612 1615 1677 Ταῦροι
1652 1608 1899 1677 νέμονται

301 1690 390 1754 τῆς
437 1686 694 1755 Σκυθικῆς,
739 1687 806 1742 ὣς
845 1685 890 1742 εἶ
930 1688 1021 1754 τῆς
1058 1684 1291 1752 Ἀττικῆς
1330 1685 1465 1738 ἄλλο
1506 1685 1653 1740 ἔθνος
1695 1689 1784 1740 καὶ
1824 1690 1896 1758 μὴ

298 1763 556 1832 Ἀθηναῖοι
583 1765 814 1832 νεμοίατο
840 1765 930 1818 τὸν
959 1765 1145 1835 γουνὸν
1169 1764 1260 1816 τὸν
1284 1764 1571 1822 Σουνιακὸν,
1600 1766 1816 1830 μᾶλλον
1846 1768 1899 1822 ἐς

299 1845 390 1896 τὸν
413 1846 600 1898 πόντον
626 1841 717 1910 τὴν
751 1841 905 1911 ἄκρην
939 1841 1203 1910 ἀνέχοντα,
1223 1842 1311 1894 τὸν
1346 1840 1447 1896 ἀπὸ
1484 1845 1709 1912 θορικοῦ
1732 1843 1895 1914 μέχρι

251 1940 276 1985 0
299 1918 666 1988 Ἀναφλύστου
709 1917 888 1986 δῆμου.
929 1919 1071 1989 λέγω
1114 1919 1189 1979 δε,
1228 1919 1296 1972 ὥς
1332 1913 1457 1971 εἶναι
1492 1921 1653 1972 ταῦτα
1690 1924 1891 1992 σμικρὰ

297 1999 576 2068 μεγάλοισι
604 1997 938 2064 συμβαλέειν.
981 1999 1213 2050 τοιοῦτον
1248 1994 1277 2062 ἡ
1312 1994 1531 2067 Ταυρική
1558 1996 1692 2049 ἐστι.
1742 1997 1804 2054 ὃς
1831 2000 1889 2052 δέ

299 2076 389 2142 τῆς
429 2074 661 2143 Ἀττικῆς
701 2078 862 2128 ταῦτα
910 2072 978 2142 μὴ
1022 2072 1415 2145 παραπέπλωκε,
1460 2073 1559 2145 ἐγὼ
1602 2074 1659 2128 δὲ
1706 2075 1884 2130 ἄλλως

298 2154 538 2220 δηλώσω·
584 2153 651 2210 ὣς
677 2151 722 2204 εἰ
748 2153 838 2219 τῆς
861 2151 1120 2224 Ἰηπυγίης
1145 2151 1279 2206 ἄλλο
1306 2149 1468 2212 ἔθνος,
1498 2152 1579 2206 καὶ
1610 2151 1679 2220 μὴ
1704 2149 1877 2220 Ἰήπυ-

295 2251 402 2299 γες,
424 2231 695 2300 ἀρξάμενοι
717 2229 770 2280 ἐκ
792 2229 1097 2299 Βρεντεσίου
1116 2229 1337 2296 λιμένος,
1360 2228 1705 2296 ἀποταμοίατο
1724 2231 1877 2301 μέχρι

243 2318 266 2356 v
296 2307 565 2374 Τάραντος,
594 2306 676 2360 καὶ
703 2305 934 2372 νεμοίατο
963 2305 1055 2370 τὴν
1080 2305 1252 2376 ἄκρην.
1296 2304 1385 2360 δύο
1413 2306 1469 2358 δὲ
1504 2307 1675 2376 λέγων
1697 2311 1871 2368 ταῦτα,

292 2383 468 2435 πολλὰ
503 2382 670 2474 λέγω*
674 2383 944 2448 παρόμοια,
974 2384 1115 2434 τοῖσι
1149 2382 1431 2436 ἄλλοισι*
1400 2403 1531 2436 εοικε
1567 2383 1597 2449 ἦ
1633 2385 1869 2454 Ταυρική.

151 2455 264 2506 100
284 2454 354 2504 Τὸ
391 2459 436 2508 δ’
473 2459 574 2512 ἀπὸ
612 2462 700 2525 τῆς
735 2464 997 2530 Ταυρικῆς,
1025 2463 1119 2528 ἤδη
1156 2461 1341 2516 Σκύθαι
1374 2463 1435 2516 τὸ
1470 2462 1752 2532 κατύπερθε
1780 2473 1876 2518 τῶν

282 2527 490 2594 Ταύρων
540 2535 621 2586 καὶ
673 2536 738 2588 τὰ
788 2540 918 2602 πρὸς
969 2539 1243 2606 θαλάσσης
1294 2542 1385 2607 τῆς
1430 2537 1570 2608 ἠοίης
1620 2547 1870 2610 νέμονται,
