1975 2892
97 161 212 209 6⁷⁰⁸]
540 108 1072 154 EYTEPHH.—11.
1111 120 1220 154 121.
1567 100 1682 152 183

95 213 377 279 ἀνοίξαντι,
418 212 514 266 αἰεὶ
556 214 773 268 ἐλάσσω
814 215 1092 284 φαίνεσθαι
1137 215 1201 268 τὸ
1245 213 1498 285 χρήματα,
1538 212 1681 286 (τοὺς

94 293 203 361 γὰρ
231 293 451 346 κλέπτας
476 291 567 343 οὐκ
588 292 772 346 ἀνιέναι
798 287 1161 364 κεραΐζοντας,)
1188 295 1403 361 ποιῆσαί
1426 316 1514 362 μιν
1538 295 1676 347 τάδε·

96 370 271 439 πάγας
312 369 601 438 προστάξαι
637 370 977 440 ἐργάσασθαι,
1007 372 1088 423 καὶ
1122 369 1305 427 ταύτας
1337 373 1456 442 περὶ
1480 373 1546 425 τὰ
1585 372 1678 442 ἀγ-

96 446 243 517 γήῖα,
273 447 327 500 ἐν
352 452 489 499 τοῖσι
515 447 579 500 τὰ
603 447 837 518 χρήματα
864 449 994 515 ἐνῆν,
1019 450 1228 516 στῆσαι.
1271 455 1370 501 τῶν
1389 450 1446 502 δὲ
1471 451 1678 520 φωρῶν,
1696 467 1758 509 ιε

100 526 287 596 ὥσπερ
308 525 361 578 ἐν
385 526 455 598 τῷ
479 527 579 595 πρὸ
605 530 697 580 τοῦ
723 529 911 598 χρόνῳ,
934 526 1205 587 ἐλθόντων,
1229 527 1311 579 καὶ
1335 525 1566 582 ἐνδύντος
1591 530 1682 580 τοῦ

102 603 281 673 ἐτέρου
316 603 495 664 αὐτῶν,
526 603 636 656 ἐπεὶ
673 606 803 674 πρὸς
837 607 897 658 τὸ
935 604 1095 676 ἄγγος
1129 604 1415 675 προσῆλθε,
1445 604 1592 659 ἰθέως
1621 607 1682 671 τῇ
1747 627 1758 658 .·

102 683 245 752 πάγῃ
284 679 569 749 ἐνέχεσθαι·
622 683 690 737 ὡς
728 682 784 735 δὲ
818 689 1004 752 γνῶναι
1037 683 1191 736 αὐτὸν
1215 683 1272 736 ἐν
1305 679 1396 754 οἵῳ
1431 686 1564 756 κακῷ
1602 680 1680 748 ἦν,

106 758 255 814 ἰθέως
290 758 490 812 καλέειν
522 762 611 812 τὸν
636 760 911 830 ἀδελφεὸν,
940 761 1025 814 καὶ
1057 762 1247 828 δηλοῦν
1271 761 1406 833 αὐτῷ
1431 762 1496 813 τὰ
1527 783 1682 831 παρε-

106 840 246 899 όντα,
293 838 375 890 καὶ
417 835 639 890 κελεύειν
680 838 771 906 τὴν
815 839 1066 908 ταχίστην
1107 836 1341 900 ἐσδύντα,
1380 840 1688 908 ἀποτάμνειν

105 915 265 968 αὐτοῦ
292 914 383 982 τὴν
410 914 657 984 κεφαλήν·
702 916 831 970 ὅκως
868 917 936 985 μὴ
972 917 1124 972 αὐτὸς
1157 917 1356 987 ὀφθεὶς,
1385 917 1468 970 καὶ
1499 939 1682 988 γνωριυ
1748 940 1758 968 :

109 993 255 1049 σθεὶς
283 991 339 1048 ὃς
366 990 460 1060 εἵη,
488 995 863 1064 προσαπολέσῃ
901 994 981 1048 καὶ
1017 995 1220 1049 ἐκεῖνον.
1265 999 1336 1068 τῷ
1364 996 1420 1048 δέ
1457 996 1602 1062 δόξαι
1629 994 1687 1049 εὖ
1703 1015 1752 1055 16

105 1071 299 1141 λέγειν,
329 1072 411 1124 καὶ
435 1071 652 1139 ποιῆσαί
675 1093 761 1140 μιν
786 1073 1064 1126 πεισθέντα
1095 1077 1272 1128 ταῦτα·
1317 1074 1398 1126 καὶ
1433 1077 1682 1144 καταρμό-

110 1171 274 1202 σαντα
299 1151 389 1203 τὸν
425 1149 592 1210 λίθον,
620 1149 819 1204 ἀπιέναι
844 1150 920 1204 ἐπ’
956 1151 1116 1212 οἴκου,
1146 1153 1371 1222 φέροντα
1408 1151 1500 1219 τὴν
1523 1152 1684 1221 κεφα-

107 1227 211 1295 λὴν
247 1231 339 1280 τοῦ
380 1228 659 1297 ἀδελφεοῦ.
728 1227 816 1283 Ὦς
852 1229 907 1282 δὲ
946 1228 1104 1300 ἡμέρη
1145 1229 1362 1302 ἐγένετο,
1405 1229 1686 1284 ἐσελθόντα
1705 1248 1758 1288 ιο

110 1307 202 1359 τὸν
241 1305 469 1370 βασιλέα
510 1307 562 1360 ἐς
608 1307 667 1358 τὸ
719 1303 915 1374 οἴκημα,
961 1307 1328 1377 ἐκπεπλῆχθαι,
1373 1308 1584 1378 ὁρέοντα
1627 1310 1688 1361 τὸ

112 1389 265 1452 σῶμα
290 1386 380 1437 τοῦ
406 1385 582 1454 φωρὸς
617 1384 671 1437 ἐν
695 1385 756 1452 τῇ
790 1385 927 1455 πάγῃ
964 1385 1082 1438 ἄνευ
1108 1388 1198 1453 τῆς
1231 1386 1460 1454 κεφαλῆς
1488 1385 1585 1437 ἐόν·
1628 1388 1688 1437 τὸ

112 1463 170 1515 δέ
214 1458 411 1530 οἴκημα,
440 1462 631 1521 ἀσινὲς,
662 1462 745 1516 καὶ
778 1466 895 1516 οὔτε
931 1464 1116 1516 ἔσοδον
1151 1465 1267 1515 οὔτε
1302 1463 1508 1515 ἔκδυσιν
1543 1462 1686 1514 οὔδε-

110 1540 233 1609 μίαν
259 1540 399 1609 ἕχον.
442 1539 785 1610 ἀπορεύμενον
810 1540 869 1594 δέ
891 1561 997 1609 μιν,
1026 1541 1146 1593 τάδε
1179 1542 1411 1606 ποιῆσαι·
1455 1543 1547 1592 τοῦ
1574 1541 1686 1609 φω·
1709 1555 1761 1601 12

111 1620 205 1687 ρὸς
230 1620 319 1671 τὸν
345 1619 488 1671 νέκυν
513 1619 639 1671 κατὰ
664 1621 755 1672 τοῦ
775 1618 973 1686 τείχεος
993 1618 1383 1687 κατακρεμάσαι·
1425 1619 1692 1686 φυλάκους

114 1697 171 1749 δὲ
198 1695 353 1748 αὐτοῦ
389 1693 795 1764 καταστήσαντα,
826 1695 1150 1750 ἐντείλασθαί
1185 1697 1308 1765 σφι,
1336 1697 1426 1749 τὸν
1451 1696 1513 1748 ἂν
1541 1692 1690 1749 ἴδων-

114 1795 199 1826 ται
255 1772 665 1834 ἀπεικλαύσαντα,
721 1773 751 1842 ἢ
814 1775 1276 1844 κατοικτισάμενον,
1332 1776 1695 1838 συλλαβόντας

118 1851 259 1922 ἄγειν
292 1854 422 1922 πρὸς
462 1853 665 1906 ἑωυτόν.
716 1852 1118 1924 ἀνακρεμαμένου
1162 1853 1216 1906 δέ
1255 1856 1348 1906 τοῦ
1385 1853 1572 1914 νέκυος,
1601 1851 1692 1920 τὴν
1713 1871 1763 1914 1ss

118 1929 308 2000 μητέρα
347 1931 520 1985 δεινῶς
558 1930 754 2000 φέρειν·
816 1933 1010 2002 λόγους
1051 1932 1106 1985 δὲ
1143 1933 1274 2002 πρὸς
1308 1932 1398 1986 τὸν
1430 1933 1694 2004 περιεόντα

118 2009 273 2062 παῖδα
310 2009 625 2077 ποιευμένην,
653 2009 1012 2078 προστάσσειν
1043 2010 1196 2082 αὐτῷ,
1225 2009 1353 2083 ὅτεῳ
1395 2014 1568 2082 τρόπῳ
1603 2007 1692 2063 δύ-

119 2106 281 2148 ναται,
307 2086 632 2156 μηχανᾶσθαι
658 2086 787 2142 ὅκως
812 2087 871 2140 τὸ
898 2092 1050 2155 σῶμα
1074 2091 1166 2139 τοῦ
1192 2087 1452 2157 ἀδελφεοῦ
1474 2085 1696 2141 καταλύ-

123 2186 221 2220 σας
260 2167 439 2232 κομιεῖ·
497 2164 542 2216 εἶ
578 2165 633 2218 δέ
671 2162 865 2218 τούτων
889 2163 1157 2232 ἀμελήσει,
1187 2165 1489 2218 διαπειλέειν
1521 2165 1696 2232 αὐτὴν,

123 2243 190 2298 ὥς
216 2241 445 2296 ἐλθοῦσα
470 2243 599 2313 πρὸς
624 2243 713 2296 τὸν
737 2241 981 2307 βασιλέα,
1010 2240 1222 2311 μηνύσει
1249 2243 1401 2296 αὐτὸν
1427 2244 1611 2312 ἔχοντα
1635 2244 1698 2296 τὰ

122 2318 373 2391 χρήματα.
440 2320 546 2396 ,Ὦς
586 2321 641 2374 δὲ
685 2324 925 2389 χαλεπῶς
968 2319 1288 2387 ἐλαμβάνετο
1331 2319 1360 2388 ἡ
1402 2320 1566 2391 μήτηρ
1607 2324 1698 2374 τοῦ
1717 2335 1770 2375 10

125 2401 414 2468 περιεόντος
450 2400 647 2461 παιδὸς,
692 2399 773 2452 καὶ
816 2399 994 2476 πολλὰ
1038 2399 1168 2468 πρὸς
1213 2397 1366 2465 αὐτὴν
1403 2398 1572 2468 λέγων
1611 2398 1700 2452 οὐκ

126 2475 313 2538 ἔπειθε,
340 2474 777 2545 ἐπιτεχνήσασθαι
803 2477 973 2530 τοιάδε
999 2497 1100 2544 μιν.
1145 2474 1291 2530 ὄνους
1317 2477 1698 2530 κατασκευασά·
1720 2489 1768 2532 20

126 2575 293 2622 μενον,
334 2556 417 2608 καὶ
456 2554 649 2609 ἀσκοὺς
688 2552 961 2622 πλήσαντα
1007 2551 1164 2614 οἴνου,
1201 2552 1448 2608 ἐπιθεῖναι
1485 2552 1572 2608 ἐπὶ
1605 2559 1703 2606 τῶν
