1975 2892
147 225 210 263 m
231 223 374 272 “um
447 147 1157 208 MEAHOMENH.÷-1v.
1192 159 1420 222 189-195·
1614 150 1730 205 893

153 276 310 326 ἄλλοι
342 275 546 328 ἄποτοι·
597 275 658 326 οὔ
693 276 794 346 γὰρ
831 276 892 342 δὴ
929 277 1162 330 πίνουσι·
1210 277 1294 329 καὶ
1334 277 1497 346 ὄρυες,
1534 281 1637 330 τῶν
1674 279 1739 330 τὰ

156 354 302 421 κέρεα
326 354 466 404 τοῖσι
493 351 688 417 Φοίνιξι
725 354 774 404 οἶ
809 352 998 420 πήχεες
1023 358 1303 408 ποιεῦνται·
1345 353 1567 425 μέγαθος
1596 355 1651 408 δὲ
1678 357 1737 408 τὸ
1758 369 1785 411 2

155 429 332 499 θηρίον
355 433 507 482 τοῦτο
535 430 660 482 κατὰ
685 433 817 494 βοῦν
840 429 977 483 ε’στί·
1015 432 1097 483 καὶ
1123 434 1413 502 βασσάρια,
1444 434 1526 486 καὶ
1552 430 1736 495 ὕαιναι,

155 508 238 559 καὶ
277 505 537 578 ὕστριχες,
569 509 650 559 καὶ
691 509 822 577 κριοὶ
861 509 1049 580 ἄγριοι,
1085 510 1169 562 καὶ
1209 511 1422 570 δίκτυες,
1467 511 1548 563 καὶ
1591 510 1736 572 θῶες,

155 585 237 637 καὶ
287 585 559 655 πάνθηρες,
608 585 689 638 καὶ
740 589 944 657 βόρυες,
996 588 1077 639 καὶ
1130 589 1447 658 κροκόδειλοι
1500 587 1631 641 ὅσον
1682 610 1739 641 τε

153 662 426 732 τριπῆχεες
465 666 722 733 χερσαῖοι,
765 668 884 731 τῇσι
927 663 1155 735 σαύρῃσι
1196 664 1594 737 ἐμφερέστατοι·
1654 667 1737 719 καὶ

155 741 402 811 στρουθοὶ
430 744 708 812 κατάγαιοι,
729 743 810 794 καὶ
837 741 986 811 ὄφιες
1015 745 1241 814 σμικροὶ,
1262 745 1408 814 κέρας
1436 743 1489 797 ἓν
1516 744 1739 799 ἕκαστος

155 820 378 887 ἔχοντες.
422 822 580 872 ταῦτά
614 842 672 873 τε
711 820 772 887 δὴ
814 820 989 874 αὐτόθι
1030 820 1147 874 ε’στὶ
1188 821 1354 892 θηρία,
1385 823 1466 875 καὶ
1506 823 1636 892 ἅπερ
1676 827 1736 890 τῇ
1759 834 1783 874 8

155 900 316 964 ἄλλῃ,
343 898 482 966 πλὴν
517 897 724 968 ε’λάφου
762 919 820 951 τε
857 899 938 951 καὶ
973 899 1062 954 ὑὸς
1096 900 1295 970 ἀγρίου·
1340 901 1546 968 ἔλαφος
1574 901 1629 952 δὲ
1657 901 1739 952 καὶ

157 975 217 1030 ὗς
252 976 429 1046 ἄγριος
464 975 522 1030 έν
548 975 714 1044 Λιβύῃ
753 977 964 1044 πάμπαν
1004 978 1095 1030 οὔκ
1135 979 1269 1030 ἔστι.
1324 983 1464 1046 μυῶν
1499 979 1555 1031 δὲ
1589 978 1739 1048 γένεα
1760 987 1785 1026 4

156 1055 306 1124 τριξὰ
345 1054 522 1107 αὐτόθι
563 1054 696 1108 ε’στί·
753 1056 803 1107 οἱ
842 1056 952 1122 με’ν,
981 1054 1188 1110 δίποδες
1228 1056 1513 1108 καλέονται·
1570 1056 1619 1109 οἱ
1659 1057 1735 1117 δὲ,

161 1134 396 1203 ζεγέριες·
434 1135 494 1186 τὸ
522 1135 577 1186 δὲ
605 1136 796 1199 οὕνομα
820 1135 972 1185 τοῦτό
1000 1132 1117 1185 ἔστι
1142 1134 1235 1202 μὲν
1262 1136 1503 1198 Λιβυκὸν,
1533 1131 1739 1187 δύναται

159 1211 215 1263 δὲ
243 1211 369 1262 κατὰ
393 1209 624 1265 Ἑλλάδα
647 1215 921 1282 γλῶσσαν,
949 1213 1150 1275 βουιοί·
1196 1213 1245 1264 οἱ
1272 1213 1347 1272 δὲ,
1377 1211 1585 1281 ἐχινέες.
1632 1213 1737 1265 εἶσὶ
1759 1223 1784 1262 6

159 1289 217 1342 δὲ
245 1289 326 1341 καὶ
350 1291 508 1358 γαλαῖ
534 1288 591 1342 έν
616 1291 687 1362 τῷ
714 1290 918 1361 σιλφίῳ
941 1293 1218 1360 γινόμεναι,
1237 1295 1359 1358 τῇσι
1378 1291 1739 1360 Ταρτησσίῃσι

159 1368 471 1434 ὁμοιόταται.
555 1369 794 1420 Τοσαῦτα
831 1368 924 1434 μέν
963 1389 1053 1420 νυν
1092 1368 1241 1438 θηρία
1280 1367 1309 1434 ἡ
1352 1373 1452 1420 τῶν
1488 1369 1740 1435 Νομάδων

160 1443 367 1507 Λιβύων
389 1447 456 1514 γῆ
485 1447 610 1514 ἔχει,
641 1444 770 1498 ὅσον
794 1443 936 1511 ἡμεῖς
965 1446 1285 1516 ἱστορέοντες
1313 1443 1397 1498 ἐπὶ
1420 1449 1739 1517 μακρότατον

159 1518 264 1576 οἶοί
287 1544 344 1575 τε
371 1521 645 1591 ἐγενόμεθα
669 1521 948 1588 ἐξικέσθαι.

241 1599 465 1669 Μαξύων
505 1600 562 1653 δέ
603 1597 806 1664 Λιβύων
853 1596 1070 1664 Ζαύηκες
1112 1598 1332 1666 ἔχονται,
1372 1597 1514 1650 τοῖσι
1558 1599 1611 1651 αἱ
1654 1619 1740 1668 γυ·
1765 1597 1877 1652 193

159 1680 322 1735 ναῖκες
371 1679 634 1748 ἡνιοχεῦσι
688 1680 751 1732 τὰ
804 1678 1004 1748 ἅρματα
1056 1676 1109 1730 ἐς
1154 1677 1243 1727 τὸν
1293 1676 1537 1743 πόλεμον.
1618 1673 1740 1728 Τού·
1768 1677 1879 1732 194

157 1778 262 1810 των
303 1759 360 1812 δὲ
403 1758 644 1825 Γύζαντες
689 1759 910 1826 ἔχονται,
953 1756 1009 1808 έν
1053 1757 1195 1807 τοῖσι
1240 1752 1366 1820 μέλι
1411 1754 1505 1820 μὲν
1548 1754 1751 1806 πολλὸν

162 1833 420 1902 μέλισσαι
461 1833 864 1902 κατεργάζονται,
905 1833 1091 1903 πολλῷ
1131 1829 1175 1882 δ’
1217 1831 1290 1882 ἔτι
1332 1829 1494 1883 πλέον
1533 1830 1739 1900 λέγεται

164 1912 498 1983 δημιουργοὺς
535 1911 721 1980 ἄνδρας
757 1910 965 1964 ποιέειν.
1020 1911 1317 1978 μιλτοῦνται
1362 1904 1407 1960 δ’
1448 1906 1517 1960 ὧν
1556 1909 1740 1962 πάντες
1760 1923 1785 1962 2

165 1989 324 2052 οὗτοι,
352 1992 436 2044 καὶ
459 1988 921 2060 πιθηκοφαγέουσι·
966 1989 1017 2041 οἶ
1053 1989 1113 2041 δέ
1147 1989 1252 2057 σφι
1286 1985 1505 2056 ἄφθονοι
1541 1985 1659 2039 ὅσοι
1686 1985 1742 2037 ἐν

165 2071 307 2122 τοῖσι
331 2073 510 2138 οὔρεσι
533 2069 775 2140 γίνονται.
1018 2067 1161 2119 Κατὰ
1195 2064 1405 2120 τούτους
1441 2065 1496 2118 δὲ
1522 2066 1739 2134 λέγουσι
1766 2066 1877 2121 195

167 2148 503 2218 Καρχηδόνιοι
544 2144 750 2199 κέεσθαι
789 2146 950 2212 νῆσον
987 2148 1049 2212 τῇ
1090 2147 1280 2211 οὔνομα
1318 2139 1443 2196 εἶναι
1472 2141 1736 2213 Κύραυνιν·

166 2227 324 2293 μῆκος
356 2227 450 2294 μὲν
484 2224 758 2290 διηκοσίων
785 2223 1026 2283 σταδίων,
1054 2223 1251 2276 πλάτος
1286 2221 1343 2274 δὲ
1379 2220 1597 2288 στεινὴν,
1628 2220 1737 2273 διας

167 2305 328 2368 βοτὸν
354 2303 409 2355 ε’κ
434 2304 524 2370 τῆς
549 2299 777 2371 ἠπείρου·
821 2300 1033 2353 ε’λαιέων
1056 2321 1113 2352 τε
1144 2299 1339 2368 μεστὴν
1364 2299 1447 2351 καὶ
1472 2298 1738 2367 ἀμπέλων,

168 2380 352 2448 λίμνην
377 2381 432 2434 δὲ
460 2381 514 2433 ἐν
539 2380 663 2446 αὐτῇ
690 2374 834 2439 εἶναι,
865 2379 919 2431 ἐκ
945 2380 1037 2444 τῆς
1069 2379 1122 2431 αἶ
1157 2375 1397 2446 παρθένοι
1423 2382 1525 2429 τῶν
1552 2377 1739 2444 ε’πιχω-
1763 2393 1789 2433 2

166 2459 292 2528 ρίων
317 2460 552 2528 πτεροῖσι
579 2456 792 2526 ὀρνίθων
819 2456 1164 2526 κεχριμένοισι
1198 2455 1369 2522 πίσσῃ
1406 2455 1462 2506 ἐκ
1487 2456 1575 2521 τῆς
1602 2452 1746 2509 ἰλύος

173 2537 356 2608 ψῆγμα
383 2537 701 2605 ἀναφέρουσι
727 2538 948 2606 χρυσοῦ.
995 2537 1163 2586 Ταῦτα
1189 2533 1233 2585 εἶ
1258 2533 1351 2600 μέν
1378 2533 1493 2585 ἐστι
1519 2532 1745 2599 ἀληθέως
1762 2548 1788 2588 8

173 2615 265 2668 οὔκ
291 2610 420 2677 οἶδα,
448 2615 514 2668 τὰ
539 2614 595 2667 δὲ
621 2613 828 2679 λέγεται
851 2614 1059 2686 γράφω.
1103 2609 1179 2679 εἴη
1206 2611 1251 2664 δ’
1279 2611 1341 2664 ἂν
1364 2613 1483 2665 πᾶν·
1517 2609 1639 2664 ὅκου
1666 2613 1747 2663 καὶ
