1975 2892
276 49 383 108 176
858 62 1269 108 ΗΡοΔοΤογ

1518 115 1594 164 [Α.
1611 118 1656 155 C.
1677 129 1716 157 ο.
1737 119 1834 157 1139-
1849 123 1868 161 ἲ

272 177 493 229 Βουτοῦς
516 177 715 234 πόλιος,
748 176 815 230 ὣς
844 179 880 201 “
900 173 1068 242 ἐξήκει
1093 173 1154 226 τέ
1177 175 1226 226 οἱ
1259 177 1287 226 ὁ
1319 175 1505 243 χρόνος
1532 176 1626 240 τῆς
1667 175 1859 241 ζημίης,

270 253 352 304 καὶ
369 251 677 322 ἀναβλέψει,
694 255 929 323 γυναικὸς
944 255 1080 324 οὔρῳ
1098 252 1377 323 νιψάμενος
1392 250 1511 306 τοὺς
1527 251 1858 320 ὀφθαλμοὺς,

269 331 379 399 ἥτις
408 331 549 400 παρὰ
584 333 672 383 τὸν
708 333 895 400 ἑωυτῆς
929 331 1088 403 ἄνδρα
1125 334 1313 398 μοῦνον
1345 330 1648 398 πεφοίτηκε,
1685 331 1864 382 ἄλλων

234 409 467 479 4ἀνδρῶν
506 409 666 462 ἐοῦσα
717 407 983 480 &vapos-'³
1041 410 1122 462 καὶ
1162 409 1252 461 τὸν
1289 410 1491 478 πρώτης
1531 410 1626 474 τῆς
1668 409 1862 461 ἑωυτοῦ

270 487 505 557 γυναικὸς
535 487 827 557 πειρᾶσθαι·
872 488 1000 555 μετὰ
1035 487 1109 546 δὲ,
1139 487 1208 540 ὣς
1243 486 1332 538 οὐκ
1369 486 1644 550 ἀνέβλεπε,
1677 487 1865 554 ἐπεξῆς

237 576 261 615 5
274 565 480 619 πασέων
517 565 810 636 πειρᾶσθαι.
881 564 1249 635 ἀναβλέψαντα
1301 565 1376 625 δὲ,
1421 567 1735 636 συναγαγεῖν
1776 567 1865 620 τὰς

271 646 509 715 γυναῖκας
534 649 634 697 τῶν
660 641 915 714 ἐπειρήθη,
944 643 1084 711 πλὴν
1120 641 1148 711 ἢ
1177 645 1266 710 τῆς
1300 647 1372 714 τῷ
1407 645 1542 714 οὔρῳ
1575 643 1866 712 νιψάμενος

272 721 555 791 ἀνέβλεψε,
579 723 630 775 ἐς
654 720 774 788 μίαν
798 724 969 782 πόλιν,
996 719 1024 790 ἣ
1053 725 1141 774 νῦν
1159 721 1392 773 καλέεται
1410 719 1633 791 Ἐρυθρὴ
1661 723 1862 786 βῶλος·

273 799 325 853 ἐς
360 799 544 865 ταύτην
577 799 943 865 συναλίσαντα,
977 799 1273 870 ὑποπρῆσαι
1303 801 1474 853 πάσας
1508 799 1609 851 σὺν
1645 799 1776 867 αὐτῇ
1803 806 1867 867 τῇ

236 879 413 932 σπόλι.
458 879 547 943 τῆς
583 876 638 928 δὲ
674 877 954 948 νιψάμενος
990 879 1062 950 τῷ
1097 880 1231 949 οὔρῳ
1266 877 1550 946 ἀνέβλεψε,
1583 875 1774 944 ταύτην
1809 879 1864 931 δὲ

236 963 257 1005 7
275 949 381 1022 εἶχε
401 954 551 1008 αὐτὸς
564 957 795 1026 γυναῖκα.
837 954 1159 1024 Ἀναθήματα
1179 955 1252 1016 δὲ,
1275 955 1562 1024 ἀποφυγὼν
1580 955 1677 1022 τὴν
1695 956 1863 1024 πάθην

275 1038 373 1084 τῶν
412 1032 715 1102 ὀφθαλμῶν,
758 1033 896 1087 ἅλλα
935 1057 992 1087 τε
1029 1034 1122 1087 ἀνὰ
1153 1034 1217 1086 τὰ
1255 1034 1340 1104 ἱρὰ
1369 1035 1535 1087 πάντα
1566 1033 1634 1085 τὰ
1668 1035 1860 1105 λόγιμα

274 1109 497 1177 ἀνέθηκε,
528 1112 610 1165 καὶ
636 1115 725 1164 τοῦ
751 1134 813 1182 γε
846 1114 1008 1183 λόγον
1038 1114 1269 1180 μάλιστα
1303 1111 1448 1178 ἄξιόν
1475 1111 1590 1164 ἐστι
1617 1113 1780 1180 ἔχειν,
1811 1114 1860 1166 ἐς

275 1191 364 1241 τοῦ
389 1186 579 1242 Ἠλίου
604 1191 663 1242 τὸ
682 1191 790 1261 ἱρὸν
816 1190 1086 1259 ἀξιοθέητα
1113 1190 1320 1257 ἀνέθηκε
1347 1191 1488 1260 ἔργα,
1512 1189 1740 1253 ὀβελοὺς
1767 1189 1857 1244 δύο

275 1266 517 1329 λιθίνους,
545 1267 605 1333 ἐξ
632 1269 742 1323 ἐνὸς
770 1268 917 1322 ἐόντα
950 1270 1188 1332 ἑκάτερον
1217 1268 1388 1329 λίθου,
1415 1269 1576 1334 μῆκος
1607 1268 1706 1336 μὲν
1743 1270 1854 1322 ἑκά-

276 1367 421 1412 τερον
443 1349 648 1414 πηχέων
675 1347 867 1408 ἑκατὸν,
898 1345 1044 1417 εὖρος
1073 1348 1126 1400 δὲ
1153 1347 1284 1399 ὀκτὼ
1311 1345 1535 1415 πηχέων.

145 1421 258 1474 112
356 1419 547 1475 Τούτου
588 1424 644 1476 δὲ
685 1423 985 1487 ἐκδέξασθαι
1022 1424 1112 1488 τὴν
1149 1418 1429 1492 βασιληίην
1465 1425 1658 1494 ἔλεγον
1695 1423 1850 1495 ἄνδρα

280 1505 569 1570 Μεμφίτην,
615 1504 685 1574 τῷ
728 1502 852 1554 κατὰ
892 1501 984 1568 τὴν
1025 1507 1125 1555 τῶν
1164 1502 1427 1570 Ἑλλήνων
1465 1505 1730 1573 γλῶσσαν
1765 1509 1845 1556 οὔ·

278 1599 407 1648 νομα
450 1581 664 1649 Πρωτέα
707 1576 851 1634 εἶναι·
905 1585 998 1634 τοῦ
1041 1585 1130 1635 νῦν
1169 1581 1374 1650 τέμενός
1413 1581 1527 1636 ε’στι
1565 1582 1622 1635 ἐν
1666 1583 1848 1673 Μέμφι

272 1657 430 1725 κάρτα
464 1658 620 1708 καλόν
653 1677 709 1708 τε
742 1656 823 1708 καὶ
860 1653 915 1708 εὖ
956 1654 1348 1716 ἐσκευασμένον,
1379 1658 1469 1707 τοῦ
1501 1654 1856 1724 Ἠφαιστηιου

232 1735 400 1802 2πρὸς
427 1736 574 1787 νότον
600 1733 781 1802 ἄνεμον
809 1733 1052 1802 κείμενον.
1096 1733 1440 1804 περιοικέουσι
1474 1733 1529 1786 δὲ
1563 1735 1624 1786 τὸ
1654 1735 1856 1802 τέμενος

270 1813 422 1863 τοῦτο
464 1812 689 1866 Φοίνικες
741 1809 930 1870 Τύριοι·
988 1811 1221 1864 καλέεται
1263 1812 1317 1865 δὲ
1358 1814 1386 1863 ὁ
1424 1816 1596 1880 χῶρος
1638 1811 1794 1867 οὗτος
1831 1815 1856 1864 ὁ

228 1898 253 1939 8
273 1893 518 1949 συνάπας,
541 1895 737 1959 Τυρίων
758 1892 1122 1961 στρατόπεδον.
1163 1891 1277 1942 ἔστι
1305 1890 1359 1942 δὲ
1382 1890 1434 1941 ἐν
1453 1891 1524 1962 τῷ
1551 1891 1756 1957 τεμένεϊ
1773 1894 1858 1943 τοῦ

270 1965 510 2035 Πρωτέος
538 1968 664 2036 ἱρὸν,
684 1970 743 2020 τὸ
772 1969 1004 2020 καλέεται
1031 1968 1206 2035 Ξείνης
1225 1966 1554 2038 Ἀφροδίτης·
1611 1971 1857 2037 συμβάλ-

268 2045 425 2112 λομαι
454 2045 508 2097 δὲ
536 2049 687 2098 τοῦτο
715 2047 773 2098 τὸ
810 2048 919 2116 ἱρὸν
946 2041 1071 2099 εἶναι
1102 2044 1310 2113 Ἑλένης
1337 2047 1426 2113 τῆς
1456 2046 1752 2116 Τυνδάρεω,
1781 2048 1861 2099 καὶ

270 2123 358 2174 τὸν
382 2124 544 2192 λόγον
570 2123 793 2190 ἀκηκοὼς
810 2125 877 2179 ὡς
905 2123 1132 2192 διαιτήθη
1159 2122 1340 2190 Ἑλένη
1366 2125 1504 2189 παρὰ
1531 2127 1762 2190 Πρωτεῖ,
1784 2127 1860 2178 καὶ

270 2199 330 2266 δὴ
360 2201 441 2252 καὶ
470 2200 547 2253 ὅτι
580 2201 755 2267 Ξείνης
790 2201 1101 2273 Ἀφροδίτης
1133 2200 1413 2270 ἐπωνύμιόν
1444 2205 1579 2254 ἐστι·
1628 2203 1738 2256 ὅσα
1763 2206 1856 2274 γὰρ

268 2275 407 2328 ἄλλα
433 2276 742 2346 Ἀφροδίτης
771 2280 855 2342 ἱρά
881 2281 1014 2340 ε’στι,
1046 2281 1276 2347 οὐδαμῶς
1308 2281 1484 2348 Ξείνης
1513 2280 1852 2335 ἐπικαλέεται.

140 2347 250 2399 113
268 2349 488 2420 ’Ἔλεγον
515 2351 570 2405 δέ
596 2375 685 2422 μοι
712 2355 760 2405 οἱ
794 2354 922 2425 ἱρέες
960 2355 1246 2427 ἱστορέοντι
1273 2357 1335 2408 τὰ
1360 2358 1478 2426 περὶ
1501 2355 1740 2426 Ἑλένην,
1767 2381 1847 2429 γε·

277 2426 453 2479 νέσθαι
481 2431 595 2482 ὦδε·
659 2431 1005 2503 Ἀλέξανδρον
1029 2435 1330 2505 ἁρπάσαντα
1354 2434 1569 2504 Ἑλένην
1597 2437 1653 2490 ἐκ
1683 2441 1848 2509 Σπάρ-

230 2501 257 2540 ²
276 2519 381 2566 της,
402 2503 677 2560 ἀποπλέειν
696 2508 747 2564 ἐς
765 2510 856 2580 τὴν
882 2513 1088 2566 ἑωυτοῦ.
1133 2514 1217 2566 καί
1239 2536 1345 2583 μιν,
1369 2516 1436 2571 ὧς
1463 2513 1672 2588 ἐγένετο
1701 2517 1760 2572 ἐν
1782 2521 1851 2592 τῷ
