1975 2892
284 119 363 177 50
862 129 1267 175 ΗΡοΔοτοΥ

1625 184 1872 233 [A.0.646.

241 239 523 311 4φορέει.”
568 243 793 313 Κροῖσος
820 242 874 295 δὲ
902 241 1164 310 ἀμείβετο·
1211 240 1248 269 ‘⁸
1268 243 1400 293 Οὔτε
1424 243 1582 294 πόλιν
1605 242 1698 308 τὴν
1725 242 1873 309 ἐμὴν.

282 323 401 373 οὔτε
424 318 659 390 χρήματα
686 320 749 371 τὰ
777 320 871 387 ἐμὰ
892 320 1174 390 διαρπάζει·
1218 320 1366 372 οὐδὲν
1389 320 1492 390 γὰρ
1513 319 1624 387 ἐμοὶ
1649 320 1726 371 ἔτι
1749 318 1870 372 τοῦ-

188 396 266 452 89
282 420 383 451 των
408 400 555 465 μέτα.
592 397 735 449 ἀλλὰ
754 398 982 466 φέρουσί
1002 418 1058 449 τε
1079 398 1161 451 καὶ
1179 397 1368 467 ἄγουσι
1387 398 1453 449 τὰ
1474 394 1602 450 σά.”
1761 396 1870 450 Κύ-

280 497 355 547 ρῳ
392 476 447 528 δὲ
484 476 719 543 ἐπιμελὲς
756 474 955 545 ἐγένετο
992 476 1055 527 τὰ
1093 478 1319 546 Κροῖσος
1358 470 1486 528 εἷπε·
1535 477 1870 543 μεταστησά·

186 594 201 608 .
279 575 431 620 μενος
456 554 512 606 δὲ
539 552 657 607 τοὺς
682 551 893 613 ἄλλους,
922 550 1086 623 εἴρετο
1123 555 1352 624 Κροῖσον
1377 552 1408 605 ὅ
1433 574 1484 605 τι
1509 555 1560 605 οἱ
1595 551 1784 626 ἐνορῴη
1815 554 1874 606 ἐν

240 633 421 687 Βτοῖσι
446 631 811 700 ποιευμένοισι.
855 634 885 683 ὁ
913 631 968 683 δὲ
995 626 1122 684 εἶπε·
1169 635 1205 657 “
1222 630 1372 684 Ἐπεί
1395 652 1452 683 τε
1477 653 1542 700 με
1567 630 1676 685 θεοὶ
1701 632 1876 683 δῶκαν

281 710 469 763 δοῦλόν
497 730 601 769 σοι,
632 710 825 768 δικαιῶ,
854 706 905 761 εἴ
940 730 990 761 τι
1028 708 1212 780 ἐνορέω
1251 708 1430 774 πλέον,
1461 709 1726 777 σημαίνειν
1753 730 1868 763 σοι.

241 786 501 857 ιΠέρσαι,
530 784 697 855 φύσιν
721 787 887 841 ἐόντες
926 787 1190 857 ὑβρισταὶ,
1219 787 1326 840 εἶσὶ
1361 786 1664 857 ἀχρήματοι.
1705 786 1770 855 ἣν
1795 786 1871 840 ὧν

280 864 351 917 σὺ
381 862 587 919 τούτους
606 858 835 932 περιίδῃς
855 866 1235 935 διαρπάσαντας·
1255 866 1336 919 καὶ
1357 866 1706 934 κατασχόντας·
1730 862 1867 935 χρῆ-

279 962 413 1008 ματα
452 943 670 1011 μεγάλα,
697 943 821 995 τάδε
852 963 935 995 τοι
970 943 1032 1009 ἐξ
1065 943 1232 996 αὐτῶν
1257 943 1470 1009 ἐπίδοξα
1503 942 1762 1013 γενέσθω·
1807 941 1871 997 ὃς

278 1019 341 1072 ἂν
380 1020 544 1072 αὑτῶν
581 1022 807 1073 πλεῖστα
845 1021 1100 1090 κατάσχῃ,
1143 1024 1326 1074 τοῦτον
1361 1019 1746 1091 προσδέκεσθαί
1782 1041 1871 1073 τοι

241 1098 777 1166 ίέπαναστησόμενον.
822 1102 911 1151 νῦν
946 1098 1018 1152 ὣν
1049 1098 1272 1165 ποίησον
1308 1099 1424 1159 ὦδε,
1452 1096 1502 1151 εἴ
1531 1118 1612 1150 τοι
1653 1098 1870 1168 ἀρέσκει

278 1176 341 1227 τὰ
369 1176 468 1246 ἐγὼ
493 1175 652 1246 λέγω.
697 1177 909 1230 κάτισον
934 1182 1036 1229 τῶν
1061 1178 1367 1247 δορυφόρων
1393 1177 1476 1230 ἐπὶ
1509 1177 1714 1243 πάσῃσι
1739 1182 1868 1245 τῇσι

279 1251 477 1320 πύλῃσι
520 1254 803 1323 φυλάκους,
842 1250 893 1307 οἳ
930 1257 1189 1325 λεγόντων
1222 1256 1352 1325 πρὸς
1392 1254 1513 1309 τοὺς
1554 1254 1868 1323 ἐκφέροντας

280 1332 342 1383 τὰ
366 1329 602 1402 χρήματα
636 1332 1010 1402 ἀπαιρεόμενοι,
1041 1333 1109 1388 ὥς
1137 1334 1282 1401 σφεα
1315 1332 1597 1403 ἀναγκαίως
1637 1333 1746 1400 ἔχει
1775 1333 1864 1385 δε·-

240 1410 573 1477 δκατευθῆναι
599 1411 672 1483 τῷ
698 1405 801 1463 Διΐ.
848 1413 930 1463 καὶ
962 1407 1032 1463 σὺ
1059 1432 1116 1463 τε
1153 1411 1258 1479 σφι
1295 1410 1388 1463 οὔκ
1423 1407 1741 1479 ἀπεχθήσεαι
1766 1410 1864 1477 βίῃ

279 1487 638 1558 ἀπαιρεόμενος
657 1489 721 1541 τὰ
738 1487 994 1559 χρήματα·
1024 1488 1106 1541 καὶ
1127 1489 1322 1547 ἐκεῖνοι,
1342 1490 1648 1559 συγγνόντες
1669 1488 1868 1541 ποιέειν

187 1565 264 1620 90
280 1586 345 1618 σε
364 1566 547 1627 δίκαια,
571 1568 767 1621 ἑκόντες
786 1562 1127 1632 ποιήσουσι.”
1295 1569 1464 1618 Ταῦτα
1483 1562 1680 1618 άκοῦων
1704 1567 1732 1617 ὁ
1755 1568 1862 1617 Κῦ-

278 1664 386 1713 ρος,
421 1643 717 1714 ὑπερήδετο,
756 1644 825 1699 ὥς
862 1644 912 1696 οἱ
952 1644 1124 1697 ἐδόκεε
1159 1641 1216 1696 εὖ
1256 1642 1612 1696 ὑποτίθεσθαι.
1653 1641 1866 1698 αἰνέσας

278 1721 336 1773 δὲ
360 1722 555 1783 πολλὰ,
584 1723 667 1774 καὶ
694 1721 1042 1789 ἐντειλάμενος
1067 1723 1208 1773 τοῖσι
1243 1722 1586 1791 δορυφόροισι
1611 1720 1675 1772 τὰ
1702 1723 1862 1789 Κροῖ-

280 1818 376 1852 σος
416 1796 701 1865 ὑπεθήκατο
753 1797 1051 1858 ἐπιτελέειν,
1099 1794 1213 1851 εἷπε
1261 1799 1391 1869 πρὸς
1444 1800 1672 1867 Κροῖσον
1717 1798 1862 1851 τάδε·

239 1889 264 1929 2
282 1878 319 1901 “
338 1876 547 1945 Κροῖσε,
570 1875 909 1945 ἀναρτημένου
936 1880 1033 1929 σεῦ
1059 1876 1242 1947 ἀνδρὸς
1265 1876 1517 1939 βασιλέος
1540 1876 1749 1945 χρηστὰ
1774 1876 1862 1945 ἕρ·

279 1973 348 2023 γα
387 1952 469 2003 καὶ
502 1952 626 2005 ἔπεα
660 1954 866 2014 ποιέειν,
894 1952 1033 2007 αῖτέο
1070 1955 1220 2007 δόσιν
1243 1951 1337 2020 τήν
1370 1973 1484 2006 τινα
1520 1951 1743 2017 βούλεαί
1781 1974 1866 2006 τοι

237 2046 262 2086 ε
280 2028 519 2100 γενέσθω
544 2027 886 2100 παραυτίκα.”
941 2030 1003 2083 ‘0
1033 2031 1088 2085 δὲ
1116 2027 1245 2084 εἶπε·
1295 2025 1415 2083 ”Ὠ
1435 2030 1682 2090 δέσποτα,
1701 2030 1865 2086 ἐάσας

278 2128 343 2175 με
368 2109 539 2178 χαριεῖ
565 2108 797 2175 μάλιστα
829 2109 918 2161 τὸν
945 2108 1062 2161 θεὸν
1086 2114 1188 2161 τῶν
1211 2105 1495 2174 Ἑλλήνων,
1522 2109 1612 2160 τὸν
1643 2107 1867 2176 ἐτίμησα

281 2186 383 2257 ἐγὼ
422 2186 550 2238 θεῶν
593 2186 841 2253 μάλιστα,
886 2185 1198 2256 ἐπείρεσθαι,
1242 2186 1521 2256 πέμψαντα
1565 2186 1727 2238 τάσδε
1771 2187 1866 2241 τὰς

280 2263 453 2325 πέδας,
484 2262 528 2316 εἶ
565 2263 819 2329 ἐξαπατᾶν
851 2263 971 2317 τοὺς
1007 2261 1064 2315 εὖ
1101 2267 1370 2319 ποιεῦντας
1409 2266 1562 2331 νόμος
1591 2264 1708 2316 ἔστι
1747 2260 1862 2316 οἶ.”

235 2357 263 2399 4
282 2344 449 2408 Κῦρος
474 2341 530 2394 δὲ
566 2338 729 2411 εἴρετο
757 2340 787 2393 ὅ
811 2361 862 2392 τι
888 2342 937 2393 οἱ
971 2344 1124 2393 τοῦτο
1165 2338 1489 2412 ἐπηγορεῦων
1511 2342 1860 2411 παραιτέοιτο.

280 2419 507 2484 Κροῖσος
534 2417 593 2470 δέ
616 2420 665 2470 οἷ
692 2418 1049 2488 ἐπανηλόγησε
1081 2420 1256 2471 πᾶσαν
1280 2419 1373 2485 τὴν
1397 2420 1589 2471 ἑωυτοῦ
1616 2419 1862 2481 διάνοιαν,

280 2493 363 2543 καὶ
403 2498 505 2544 τῶν
543 2494 869 2564 χρηστηρίων
903 2494 995 2549 τὰς
1041 2495 1361 2564 ὑποκρίσιας,
1400 2496 1482 2549 καὶ
1519 2498 1754 2563 μάλιστα
1798 2499 1865 2551 τὰ

281 2566 590 2633 ἀναθήματα·
634 2572 716 2622 καὶ
742 2572 810 2624 ὥς
836 2570 1072 2640 ἐπαρθεὶς
1096 2576 1170 2645 τῷ
1202 2568 1445 2645 μαντηίῳ,
1475 2573 1863 2644 ἐστρατεύσατο
