1975 2892
384 108 1086 158 MEAHOMENu.—1v.
1124 116 1350 167 127-132·
1551 101 1665 154 365

77 176 150 216 01.
170 175 232 216 σο.
249 175 387 216 2—68.
403 177 462 224 2]

77 226 201 276 οὔτε
227 225 434 290 ἡμίονον
457 225 524 292 γῆ
564 219 594 289 ἢ
636 224 848 292 Σκυθικὴ
876 224 1043 294 φέρει,
1074 226 1142 279 ὣς
1180 226 1263 278 καὶ
1296 227 1545 297 πρότερόν
1572 249 1661 294 μοι

78 298 383 368 δεδήλωται·
443 301 561 353 οὐδὲ
604 303 718 354 ἔστι
760 303 814 354 ἐν
859 307 919 369 τῇ
949 303 1176 370 -Σκυθικῇ
1222 305 1365 370 πάσῃ
1411 307 1554 374 χώρῃ
1602 306 1661 356 τὸ

76 380 322 448 παράπαν
351 381 469 430 οὔτε
495 377 628 440 ὄνος,
657 382 775 431 οὔτε
811 378 1033 447 ἡμίονος,
1064 382 1149 434 διὰ
1179 382 1243 434 τὰ
1268 380 1465 451 ψύχεα.
1508 382 1659 454 ὑβρί-
1681 389 1708 430 8

79 459 257 522 (ov-res·
297 455 366 509 ὧν
403 457 452 509 οἱ
495 455 602 510 ὄνοι
645 457 936 529 ἐτάρασσον
974 458 1067 526 τὴν
1104 456 1261 512 ἵππον
1285 465 1387 511 τῶν
1411 460 1658 513 Σκυθέων·

77 534 337 589 πολλάκις
384 535 456 595 δὲ,
501 535 877 588 ἐπελαυνόντων
916 536 1000 588 ἐπὶ
1040 536 1159 590 τοὺς
1203 537 1429 607 Πέρσας,
1472 537 1665 605 μεταξὺ

79 612 215 667 ὅκως
240 610 511 665 ἀκούσειαν
537 613 585 664 οἶ
611 610 757 666 ἵπποι
796 619 896 666 τῶν
929 613 1061 667 ὄνων
1093 617 1184 681 τῆς
1218 617 1411 683 φωνῆς,
1443 616 1661 686 ἐταράσ-

83 691 244 744 σοντό
272 711 329 743 τε
369 691 828 760 ὑποστρεφόμενοι,
859 693 940 743 καὶ
980 693 1035 744 ἐν
1075 691 1298 760 θωύματι
1338 694 1509 755 ἔσκον,
1536 694 1666 763 ὀρθὰ

84 769 323 823 ἱστάντες
347 769 412 821 τὰ
439 767 558 820 ὦτα·
604 769 692 822 ἅτε
719 771 835 821 οὔτε
874 769 1184 825 ἀκούσαντες
1217 773 1466 842 πρότερον
1492 773 1669 841 φωνῆς

82 843 339 910 τοιαύτης,
369 849 485 899 οὔτε
521 846 710 901 ἰδόντες
736 852 796 899 τὸ
823 843 973 918 εἶδος.
1018 852 1175 902 ταῦτα
1199 849 1293 916 μέν
1318 871 1407 903 νυν
1432 850 1515 903 ἐπὶ
1544 871 1665 918 σμι-

85 927 212 995 κρόν
236 945 286 976 τι
313 925 562 994 ἐφέροντο
589 928 681 977 τοῦ
706 925 955 993 πολέμου.

168 1005 230 1057 Οἱ
281 1005 336 1058 δὲ
391 1004 593 1068 Σκύθαι,
646 1003 774 1058 ὅκως
824 1004 944 1058 τοὺς
998 1003 1207 1070 Πέρσας
1256 1001 1417 1056 ἴδοιεν
1461 999 1671 1070 τεθορυ·
1693 999 1803 1052 130

87 1079 359 1144 βημένους,
403 1079 483 1128 ἵνα
521 1078 854 1146 παραμένοιέν
893 1097 950 1128 τε
994 1081 1079 1130 ἐπὶ
1118 1077 1261 1130 πλέω
1299 1079 1488 1148 χρόνον
1518 1079 1573 1132 ἐν
1610 1085 1670 1145 τῇ

89 1154 326 1222 Σκυθικῇ,
370 1155 452 1206 καὶ
497 1154 866 1224 παραμένοντες
903 1152 1137 1227 ἀνιῴατο,
1178 1160 1280 1208 τῶν
1316 1157 1519 1209 πάντων
1560 1155 1669 1210 ἐπι·-

91 1233 262 1287 δευέες
290 1233 472 1295 ἐόντες,
503 1231 706 1284 ἐποίευν
730 1233 918 1285 τοιάδε.
963 1232 1093 1287 ὅκως
1127 1238 1227 1285 τῶν
1261 1235 1537 1303 προβάτων
1571 1239 1673 1288 τῶν
1690 1243 1715 1283 2

93 1311 368 1380 σφετέρων
391 1310 554 1362 αὐτῶν
581 1309 906 1364 καταλίποιεν
928 1311 1057 1378 μετὰ
1082 1316 1184 1364 τῶν
1209 1311 1415 1380 νομέων,
1443 1311 1589 1364 αὐτοὶ
1614 1311 1675 1363 ἂν

92 1387 446 1456 ὑπεξήλαυνον
485 1388 537 1442 ἐς
575 1387 740 1440 ἄλλον
777 1391 966 1458 χῶρον·
1012 1390 1061 1440 οἱ
1102 1389 1157 1441 δὲ
1198 1389 1259 1441 ἂν
1293 1390 1493 1458 Πέρσαι
1520 1389 1672 1442 ἐπελ-

95 1467 273 1522 θόντες
307 1466 597 1529 ἐλάβεσκον
630 1467 694 1518 τὰ
727 1468 982 1536 πρόβατα,
1013 1467 1094 1518 καὶ
1126 1468 1395 1529 λαβόντες,
1431 1464 1677 1536 ἐπήροντο

97 1545 161 1598 ἂν
186 1546 260 1617 τῷ
283 1542 621 1615 πεποιημένῳ.
861 1544 1127 1598 Πολλάκις
1167 1543 1221 1596 δὲ
1262 1540 1497 1596 τοιούτου
1535 1564 1675 1614 γινο-
1699 1545 1806 1599 131

96 1624 271 1692 μένου,
316 1621 466 1676 τέλος
509 1623 719 1691 Δαρεῖός
763 1643 820 1674 τε
862 1621 915 1674 ἐν
959 1620 1207 1690 ἀπορίῃσι
1249 1617 1435 1689 εἴχετο·
1505 1621 1588 1673 καὶ
1630 1621 1679 1672 οἱ

99 1701 332 1754 Σκυθέων
381 1700 630 1764 βασιλέες
679 1699 924 1767 μαθόντες
975 1701 1147 1759 τοῦτο,
1195 1700 1421 1766 ἔπεμπον
1473 1697 1678 1768 κήρυκα,

101 1781 240 1849 δῶρα
281 1778 476 1849 Δαρείῳ
515 1777 758 1846 φέροντα,
787 1775 964 1847 ὄρνιθά
1003 1796 1076 1836 τε,
1107 1777 1188 1828 καὶ
1226 1780 1341 1843 μῦν,
1372 1776 1453 1829 καὶ
1486 1778 1679 1846 βάτρα-

101 1879 218 1926 χον,
262 1857 345 1909 καὶ
386 1854 592 1908 ὀΐστοὺς
631 1853 798 1908 πέντε.
881 1854 1083 1924 Πέρσαι
1126 1855 1181 1906 δὲ
1223 1856 1313 1907 τὸν
1354 1854 1580 1926 φέροντα
1620 1854 1681 1905 τὰ
1700 1867 1726 1906 2

103 1937 244 2003 δῶρα
284 1935 582 2005 ἐπειρώτεον
620 1935 708 1986 τὸν
747 1936 863 1986 νόον
903 1937 1004 1984 τῶν
1044 1932 1332 1999 διδομένων·
1378 1935 1407 1986 ὁ
1442 1933 1497 1986 δέ
1538 1932 1685 1985 οὐδὲν

103 2015 208 2082 ἔφη
249 2014 298 2064 οἶ
341 2009 654 2064 ἐπεστάλθαι
681 2011 815 2063 ἄλλο
854 2009 884 2078 ἢ
927 2011 1079 2062 δόντα
1114 2011 1205 2078 τὴν
1230 2011 1481 2080 ταχίστην
1511 2011 1679 2065 ἀπαλ-

103 2089 423 2144 λάσσεσθαι·
466 2088 648 2142 αὐτοὺς
687 2089 742 2141 δέ
782 2088 900 2142 τοὺς
939 2088 1148 2157 Πέρσας
1188 2089 1409 2148 ἐκέλευε,
1440 2088 1485 2141 εἰ
1522 2089 1687 2156 σοφοί

107 2169 231 2229 εἶσι,
259 2173 444 2237 γνῶναι
471 2169 529 2218 τὸ
557 2165 723 2218 ἐθέλει
757 2167 821 2218 τὰ
857 2167 995 2236 δῶρα
1019 2165 1209 2236 λέγειν.
1251 2169 1407 2219 ταῦτα
1434 2164 1684 2219 ἀκούσαν-

108 2268 192 2301 τες
227 2247 277 2298 οἶ
313 2245 532 2314 Πέρσαι,
563 2241 918 2308 ἐβουλεύοντο.
1161 2244 1377 2313 Δαρείου
1411 2243 1504 2311 μέν
1540 2264 1627 2306 νυν
1656 2241 1689 2310 ἡ
1715 2243 1825 2298 132

109 2325 282 2397 γνώμη
310 2323 411 2389 ἔην,
441 2320 632 2376 Σκύθας
661 2322 830 2394 έωυτῷ
856 2321 1049 2374 διδόναι
1076 2321 1246 2389 σφέας
1271 2342 1327 2374 τε
1379 2321 1578 2378 αὐτοὺς,
1609 2322 1690 2373 καὶ

111 2405 208 2472 γῆν
233 2423 289 2453 τε
317 2401 398 2452 καὶ
424 2397 580 2469 ὕδωρ·
625 2399 832 2464 εἰκάζων
857 2399 994 2466 τῇδε,
1025 2399 1092 2453 ὦς
1124 2402 1222 2465 μῦς
1255 2399 1348 2467 μὲν
1384 2400 1437 2451 ἐν
1460 2404 1527 2469 γῇ
1551 2398 1688 2470 γίνε-

113 2501 213 2539 ται,
252 2481 443 2548 καρπὸν
477 2479 566 2530 τὸν
600 2478 754 2530 αὐτὸν
791 2476 1041 2548 ἀνθρώπῳ
1079 2479 1385 2544 σιτειῇιενος·
1429 2478 1693 2546 βάτραχος

117 2559 171 2612 δὲ
219 2557 274 2610 ἐν
317 2554 480 2610 ὕδατι·
540 2554 676 2628 ὅρνις
723 2555 780 2609 δέ
821 2557 1054 2625 μάλιστα
1099 2555 1230 2607 ἔοικε
1274 2551 1431 2628 ἵππῳ·
1476 2554 1595 2609 τοὺς
1645 2553 1702 2608 δὲ
