1975 2892
237 87 355 144 172
818 94 1227 141 ΗΡοΔοΤοΥ

1504 150 1576 197 [A.
1595 151 1642 190 c.
1661 162 1696 192 ο,
1717 153 1848 193 1250-

242 207 454 265 τούτους
494 208 554 262 δέ
590 230 678 277 μοι
720 208 881 262 δοκέει
918 211 1000 262 καὶ
1034 209 1096 262 οὗ
1133 211 1446 279 προσώτατα
1483 209 1768 263 ἀπικέσθαι
1805 216 1838 264 ὁ

244 287 518 357 Αἰγύπτιος
554 290 794 357 στρατός·
839 287 892 340 ἐν
925 288 1019 355 μὲν
1051 288 1152 358 γὰρ
1187 289 1251 355 τῇ
1285 287 1479 340 τούτων
1513 289 1660 357 χώρῃ
1701 288 1836 356 φαί-

245 386 412 420 νονται
439 364 711 418 σταθεῖσαι
738 367 789 418 αἱ
818 368 1027 432 στῆλαι·
1069 367 1128 418 τὸ
1165 366 1221 418 δὲ
1255 365 1570 437 προσωτέρω
1607 364 1836 424 τούτων,

200 455 225 496 8
246 444 429 497 οὐκέτι.
486 443 714 497 ἐνθεῦτεν
740 445 797 497 δὲ
825 443 1146 515 ἐπιστρέψας
1180 443 1351 497 ὀπίσω
1378 446 1480 512 ἤῖε·
1523 444 1607 496 καὶ
1637 443 1756 497 ε’πεί
1782 465 1842 496 τε

249 522 447 592 ἐγένετο
476 522 558 576 ε’πὶ
585 522 720 576 Φάσι
745 525 973 594 ποταμῷ,
994 521 1084 573 οὐκ
1111 522 1214 591 ἔχω
1241 524 1299 575 τὸ
1327 521 1557 574 ἐνθεῦτεν
1584 521 1843 592 ἀτρεκέως

251 601 427 661 εἰπεῖν,
456 597 558 653 εἴτε
596 601 747 654 αὐτὸς
787 603 815 652 ὁ
840 599 1095 663 βασιλεὺς
1122 599 1415 670 Σέσωστρις
1440 600 1842 667 ἀποδασάμενος

250 681 341 745 τῆς
380 680 570 730 ἑωυτοῦ
610 679 852 747 στρατιῆς
889 681 1070 748 μόριον
1108 677 1238 732 ὅσον
1276 677 1356 745 δὴ,
1393 677 1550 730 αὐτοῦ
1591 678 1842 730 κατέλιπε

251 759 341 823 τῆς
378 757 550 824 χώρης
588 753 872 824 οἰκήτορας·
922 753 1026 809 εἴτε
1063 761 1165 808 τῶν
1204 756 1334 811 τινὲς
1375 755 1736 827 στρατιωτέων
1775 758 1840 821 τῇ

250 835 418 900 πλάνῃ
447 832 602 886 αὐτοῦ
628 832 985 902 ἀχθεσθέντες,
1007 834 1126 904 περὶ
1154 835 1321 887 Φάσιν
1344 835 1575 901 ποταμὸν
1601 834 1836 900 κατέμει-

117 912 233 967 104
253 933 360 964 ναν.
601 910 867 964 Φαίνονται
901 913 996 979 μὲν
1027 913 1128 983 γὰρ
1166 911 1332 967 ε’όντες
1366 913 1414 964 οἱ
1443 914 1647 980 Κόλχοι
1677 909 1838 982 Αἰγύ-

254 999 411 1044 πτιοι·
468 986 657 1058 νοῆσας
698 990 754 1042 δὲ
796 991 1047 1062 πρότερον
1087 991 1257 1050 αὐτὸς,
1299 989 1330 1058 ἢ
1374 987 1600 1044 ἀκούσας
1637 990 1837 1048 ἄλλων,

212 1075 237 1115 2
256 1068 412 1139 λέγω.
470 1069 539 1122 ὣς
566 1067 623 1121 δέ
646 1088 733 1134 μοι
770 1067 823 1121 ἐν
849 1067 1088 1138 φροντίδι
1126 1068 1344 1138 ἐγένετο,
1373 1067 1580 1137 εἰρόμην
1605 1067 1839 1137 ἀμφοτέ-

257 1157 400 1215 ρους·
444 1147 525 1198 καὶ
550 1148 754 1213 μᾶλλον
779 1148 828 1198 01
856 1149 1058 1214 Κόλχοι
1094 1145 1364 1214 ἐμεμνέατο
1400 1151 1500 1199 τῶν
1527 1145 1842 1216 Αἰγυπτίων,

213 1223 287 1292 δὴ
316 1225 365 1277 οῗ
391 1222 661 1295 Αἰγύπτιοι
695 1229 796 1276 τῶν
822 1227 1062 1294 Κόλχων.
1121 1224 1338 1290 νομίζειν
1373 1223 1416 1277 δ’
1445 1225 1655 1293 ἔφασαν
1681 1222 1838 1295 Αἰγύ-

260 1323 399 1358 πτιοι
444 1304 533 1369 τῆς
574 1302 901 1372 Σεσώστριος
947 1304 1191 1372 στρατιῆς
1238 1297 1364 1355 εἶναι
1410 1302 1528 1356 τοὺς
1576 1305 1836 1370 Κόλχους·

261 1381 411 1437 αὐτὸς
438 1381 493 1434 δὲ
520 1377 701 1434 εἴκασα
725 1381 862 1448 τῇδε,
886 1379 967 1433 καὶ
995 1379 1074 1433 ὅτι
1099 1379 1418 1450 μελάγχροές
1444 1379 1549 1431 εἶσι
1577 1381 1660 1432 καὶ
1688 1380 1838 1433 οὗλό·

218 1468 245 1509 4
264 1481 453 1530 τριχες.
509 1458 591 1512 καὶ
631 1461 781 1512 τοῦτο
823 1459 917 1526 μὲν
958 1457 1010 1512 ές
1049 1458 1197 1511 οὐδὲν
1235 1456 1420 1525 ἀνήκει·
1471 1457 1579 1510 εἰσὶ
1614 1458 1722 1528 γὰρ
1762 1461 1839 1511 καὶ

221 1547 246 1588 ὅ
264 1537 426 1608 ἕτεροι
460 1539 700 1590 τοιοῦτοι.
756 1536 893 1589 ἀλλὰ
927 1535 1128 1605 τοισίδε
1163 1536 1245 1588 καὶ
1282 1538 1502 1603 μᾶλλον,
1539 1533 1622 1587 ὅτι
1663 1539 1840 1602 μοῦνοι

263 1617 463 1669 πάντων
500 1614 778 1686 ἀνθρώπων
813 1617 1013 1683 Κόλχοι
1053 1614 1135 1667 καὶ
1170 1611 1440 1684 Αἰγύπτιοι
1479 1613 1560 1666 καὶ
1599 1613 1840 1668 Αἰθίοπες

222 1701 249 1742 ο
265 1695 649 1764 περιτάμνονται
687 1691 771 1746 ἀπ’
814 1693 974 1763 ἀρχῆς
1014 1692 1078 1744 τὰ
1119 1691 1302 1745 αἰδοῖα.
1391 1691 1619 1747 Φοίνικες
1661 1692 1722 1745 δὲ
1763 1694 1837 1744 καὶ

264 1769 415 1841 Σύροι
443 1773 493 1824 οἱ
518 1770 571 1824 ἐν
596 1774 657 1838 τῇ
685 1771 1027 1837 Παλαιστίνῃ,
1057 1771 1138 1822 καὶ
1164 1770 1308 1823 αὐτοὶ
1344 1769 1694 1839 ὁμολογέουσι
1721 1769 1832 1840 παρ’

266 1848 555 1918 Αἰγυπτίων
579 1848 929 1917 μεμαθηκέναι·
974 1846 1148 1918 Σύριοι
1185 1848 1240 1901 δὲ
1278 1849 1326 1900 οἱ
1361 1847 1478 1918 περὶ
1505 1849 1840 1917 Θερμώδοντα

267 1926 348 1978 καὶ
368 1924 650 1992 Παρθένιον
674 1929 920 1994 ποταμὸν,
944 1929 1026 1979 καὶ
1047 1928 1322 1997 Μάκρωνες
1347 1927 1396 1978 οἱ
1422 1923 1656 1978 τούτοισι
1681 1926 1838 1978 ἀστυ-

266 2001 488 2071 γείτονες
515 2003 698 2064 έόντες,
728 2005 828 2059 ἀπὸ
857 2007 1078 2074 Κόλχων
1104 2005 1242 2073 φασὶ
1277 2003 1463 2058 νεωστὶ
1486 2003 1836 2072 μεμαθηκέναι.

222 2095 247 2140 Ἰ
268 2080 409 2135 οὗτοι
432 2082 535 2152 γάρ
560 2081 667 2134 εἰσι
694 2083 743 2134 οἱ
777 2085 1194 2154 περιταμνόμενοι
1221 2082 1498 2152 ἀνθρώπων
1522 2084 1721 2149 μοῦνοι·
1763 2083 1840 2135 καὶ

267 2159 408 2215 οὗτοι
443 2159 770 2230 Αἰγυπτίοισι
813 2160 1082 2230 φαίνονται
1123 2164 1379 2215 ποιεῦντες
1422 2160 1547 2212 κατὰ
1587 2160 1652 2212 τὰ
1691 2160 1833 2212 αὐτά.

268 2237 433 2290 αὐτῶν
463 2238 518 2290 δὲ
546 2236 835 2307 Αἰγυπτίων
869 2240 951 2291 καὶ
976 2238 1234 2292 Αἰθιόπων
1267 2238 1358 2291 οὐκ
1392 2240 1497 2307 ἔχω
1533 2236 1690 2290 εἰπεῖν
1725 2239 1834 2290 ὁκό-

268 2334 407 2380 τεροι
446 2315 584 2384 παρὰ
621 2319 723 2366 τῶν
762 2316 948 2385 ἑτέρων
988 2315 1250 2384 ἐξέμαθον·
1299 2316 1517 2386 ἀρχαῖον
1552 2317 1653 2386 γὰρ
1691 2314 1752 2383 δή
1791 2336 1838 2368 τι

145 2399 151 2434 ·.
221 2401 246 2441 8
270 2388 503 2453 φαίνεται
544 2391 644 2444 ἐόν.
703 2391 771 2446 ὦς
810 2392 853 2445 δ’
884 2393 1270 2464 ἐπιμισγόμενοι
1295 2392 1538 2466 Αἰγύπτῳ
1579 2393 1834 2462 ἐξέμαθον,

268 2462 398 2552 μέγα
431 2485 519 2527 μοι
554 2467 637 2519 καὶ
676 2469 793 2521 τόδε
828 2469 1098 2541 τεκμήριον
1130 2472 1344 2541 γίνεται·
1388 2472 1632 2526 Φοινίκων
1665 2474 1838 2524 ὁκόσοι

240 2551 331 2597 -ΤΠ
386 2538 585 2592 Ελλάδι
625 2543 1000 2615 ἐπιμίσγονται,
1029 2547 1197 2602 οὐκέτι
1237 2549 1549 2622 Αἰγυπτίους
1585 2550 1834 2620 μιμέονται
