1975 2892
243 44 319 99 72
827 55 1234 101 ΗΡοΔοΤοΥ

1526 106 1663 151 [A.c.
1685 104 1851 148 αὖθί).

244 163 540 233 ε’ποιῆσατο·
582 166 709 234 μετὰ
734 167 808 226 δὲ,
836 165 1124 233 ἀναπτύξας
1149 170 1209 221 τὸ
1234 167 1448 232 βιβλίον
1473 169 1554 220 καὶ
1581 168 1858 238 ἐπιλεγό-

242 265 408 312 μενος,
438 245 540 313 ἔφη
569 246 855 313 Ἀστυάγεά
884 266 971 312 μιν
995 249 1286 316 στρατηγὸν
1311 246 1556 315 Περσέων
1582 246 1854 298 ἀποδεικ-

201 334 226 374 ⁸
246 324 398 381 νῦναι.
470 328 503 351 “
524 318 689 383 Νῦν,”
713 324 813 391 ἔφη
842 344 899 375 τε
924 322 1110 393 λέγων,
1136 329 1170 349 “
1192 322 1232 374 ὦ
1259 320 1478 391 Πέρσαι,
1499 318 1866 389 προαγορεύω

244 399 378 466 ὑμῖν,
406 401 638 469 παρεῖναι
674 397 889 452 ἕκαστον
915 399 1100 466 ἔχοντα
1143 396 1446 469 δρέπανον.”
1528 402 1704 468 Κῦρος
1747 398 1858 466 μὲν

205 481 403 531 ἕταῦτα
436 479 809 548 προηγόρευσε.
876 474 1038 528 Ἐστι
1073 476 1130 529 δὲ
1167 476 1414 541 Περσέων
1445 478 1615 544 συχνὰ
1655 476 1850 547 γένεα·

247 556 328 607 καὶ
355 556 418 608 τὰ
450 555 543 624 μὲν
568 555 734 607 αὐτῶν
758 556 787 607 ὁ
816 556 980 623 Κῦρος
1023 555 1293 615 συνάλισε,
1321 554 1404 606 καὶ
1437 554 1680 607 ἀνέπεισε
1709 554 1847 607 ἀπί-

249 632 475 686 στασθαι
500 633 601 686 ἀπὸ
628 629 835 699 Μήδων.
878 632 994 683 ἔστι
1021 630 1078 683 δὲ
1103 632 1241 691 τάδε,
1271 632 1329 697 ἐξ
1355 631 1424 683 ὢν
1451 631 1616 683 ὧλλοι
1641 633 1852 687 πάντες

248 710 483 780 ἀρτέαται
536 709 756 780 Πέρσαι·
819 709 1176 778 Πασαργάδαι,
1225 709 1514 779 Μαράφιοι,
1562 712 1843 763 Μάσπιοι.

206 799 233 841 δ
248 785 440 840 τούτων
473 788 814 857 Πασαργάδαι
850 786 955 838 εἶσὶ
988 785 1212 856 ἄριστοι·
1259 786 1314 839 ἐν
1345 790 1488 840 τοῖσι
1526 789 1607 839 καὶ
1647 784 1844 855 Ἀχαι·

246 864 442 933 μενίδαι
478 863 584 917 εἶσὶ
624 862 845 934 φρήτρη,
887 862 1028 918 ἔνθεν
1073 866 1122 916 οἶ
1165 865 1412 928 βασιλέες
1451 867 1500 917 οἱ
1546 867 1847 934 Περσεῖδαι

209 944 512 1012 ογεγόνασι.
556 942 711 995 ἄλλοι
732 943 786 995 δὲ
814 941 1017 1013 Πέρσαι
1043 942 1149 994 εἶσὶ
1173 939 1297 995 οἶδε·
1341 942 1704 1007 Πανθιαλαῖοι,
1726 952 1841 1009 Δη-

247 1023 521 1089 ρουσιαῖοι,
560 1022 841 1091 Γερμάνιοι·
884 1019 1029 1073 οὗτοι
1069 1020 1162 1088 μὲν
1195 1021 1379 1075 πάντες
1413 1021 1658 1090 ἀροτῆρες
1702 1020 1839 1075 εἶσί.

250 1098 299 1149 οἱ
335 1098 390 1150 δὲ
426 1097 600 1157 ἄλλοι,
630 1100 859 1166 νομάδες·
906 1099 1052 1157 Δάοι,
1084 1098 1304 1167 Μάρδοι,
1333 1098 1596 1169 Δροπικοὶ,
1626 1102 1838 1169 Σαγάρ-

124 1178 234 1235 126
249 1197 368 1227 τιοι.
582 1174 671 1230 Ὠς
698 1176 755 1228 δὲ
780 1178 1018 1247 παρῆσαν
1037 1176 1254 1230 ἅπαντες
1275 1178 1476 1245 ἔχοντες
1496 1172 1557 1229 τὸ
1584 1197 1836 1247 προειρη-

249 1253 417 1321 μένον,
460 1252 675 1306 ἐνθαΰτα
710 1257 739 1307 ὃ
780 1258 948 1323 Κῦρος
978 1250 1066 1319 (ἦν
1103 1255 1205 1325 γάρ
1243 1275 1322 1308 τις
1356 1260 1525 1324 χῶρος
1557 1256 1648 1321 τῆς
1690 1262 1836 1325 Περ-

255 1333 402 1399 σικῆς
440 1330 727 1399 ἀκανθώδης
762 1331 890 1385 ὅσον
924 1352 980 1383 τε
1022 1332 1108 1386 ε’πὶ
1142 1332 1479 1385 ὀκτωκαίδεκα
1521 1332 1765 1387 σταδίους
1803 1333 1837 1401 ἢ

252 1407 418 1463 ε’ίκοσι
456 1408 667 1477 πάντη·)
714 1411 897 1463 τοῦτόν
933 1409 1039 1478 σφι
1073 1410 1164 1463 τὸν
1189 1416 1361 1479 χῶρον
1393 1412 1606 1481 προεῖπε
1647 1410 1834 1477 ἐξημε-

211 1501 237 1541 2
253 1493 419 1558 ρῶσαι
462 1488 517 1541 ἐν
550 1486 729 1557 ἡμέρῃ.
780 1487 1184 1541 ἐπιτελεσάντων
1219 1489 1276 1541 δὲ
1317 1494 1420 1541 τῶν
1458 1486 1704 1557 Περσέων
1741 1490 1838 1542 τὸν

252 1565 583 1635 προκείμενον
607 1564 809 1627 ἄεθλον,
840 1562 1050 1635 δεύτερά
1077 1566 1180 1633 σφι
1218 1569 1450 1633 προεῖπε,
1479 1565 1532 1620 ἐς
1557 1564 1648 1632 τὴν
1672 1565 1833 1618 ὑστε-

212 1652 238 1692 8
252 1643 399 1712 ραίην
424 1646 653 1712 παρεῖναι
686 1642 1047 1711 λελουμένους.
1091 1643 1145 1695 ἐν
1171 1644 1227 1697 δὲ
1253 1641 1418 1715 τούτῳ
1449 1644 1514 1695 τά
1538 1664 1595 1695 τε
1619 1642 1834 1697 αἰπόλια

256 1722 337 1772 καὶ
378 1722 469 1775 τὰς
506 1721 721 1786 ποίμνας
758 1722 839 1773 καὶ
876 1721 941 1773 τὰ
978 1723 1229 1786 βουκόλια
1267 1724 1297 1774 ὁ
1333 1725 1500 1791 Κῦρος
1537 1721 1698 1774 πάντα
1737 1724 1832 1773 τοῦ

254 1798 446 1868 πατρὸς
484 1798 770 1854 συναλίσας
802 1796 857 1851 ἔς
889 1799 1072 1859 τώυτὸ,
1101 1797 1236 1859 ἔθυε,
1265 1800 1348 1851 καὶ
1385 1795 1726 1869 παρεσκεύαζε
1761 1800 1832 1855 ὥς

258 1874 525 1941 δεξόμενος
560 1879 662 1929 τῶν
688 1876 933 1946 Περσέων
958 1878 1048 1929 τὸν
1075 1879 1312 1947 στρατόν·
1354 1878 1484 1947 πρὸς
1519 1877 1593 1936 δὲ,
1621 1873 1738 1948 οἴνῳ
1769 1897 1830 1929 τε

212 1962 239 2001 4
258 1950 340 2003 καὶ
392 1950 609 2004 σιτίοισι
660 1953 726 2006 ὦς
768 1953 1232 2021 ἐπιτηδεωτάτοισι.
1289 1954 1619 2021 ἀπικομένους
1661 1954 1714 2005 δὲ
1765 1960 1832 2021 τῇ

258 2028 499 2098 ὑστεραίῃ
536 2028 655 2083 τοὺς
691 2030 899 2099 Πέρσας
934 2031 1235 2087 κατακλίνας
1269 2033 1323 2088 ε’ς
1355 2036 1594 2099 λειμῶνα,
1623 2031 1821 2099 εὐώχεε.

259 2106 371 2160 ε’πεί
412 2127 469 2160 τε
510 2107 565 2161 δὲ
606 2107 707 2161 ἀπὸ
746 2108 951 2162 δείπνου
990 2106 1142 2175 ἦσαν,
1185 2107 1348 2180 εἴρετό
1389 2110 1560 2180 σφεας
1598 2112 1627 2162 ὁ
1665 2113 1822 2179 Κῦρος

260 2188 441 2256 κότερα
476 2186 539 2238 τὰ
574 2191 635 2255 τῇ
674 2185 949 2256 προτεραίῃ
986 2182 1145 2255 εἶχον,
1173 2185 1204 2255 ἢ
1230 2189 1295 2241 τὰ
1333 2189 1584 2258 παρεόντα
1617 2188 1714 2255 σφι
1748 2186 1821 2254 εἴη

212 2276 237 2315 6
260 2265 580 2335 αἱρετώτερα.
624 2265 674 2317 οἱ
708 2265 763 2318 δὲ
800 2266 1023 2333 ἔφασαν,
1052 2268 1254 2319 πολλὸν
1289 2261 1414 2319 εἶναι
1449 2266 1612 2317 αὐτῶν
1643 2266 1697 2317 τὸ
1731 2267 1817 2331 με’-

263 2362 378 2393 σον.
434 2342 525 2409 τὴν
564 2342 657 2410 μὲν
700 2344 800 2413 γὰρ
845 2343 1097 2413 προτέρην
1135 2342 1322 2413 ἡμέρην
1361 2344 1526 2397 πάντα
1565 2344 1665 2411 σφι
1701 2344 1820 2395 κακὰ

214 2428 239 2467 ⁶
263 2419 416 2484 ἔχειν·
460 2418 551 2484 τὴν
578 2421 634 2472 δὲ
669 2423 785 2472 τότε
823 2424 1134 2490 παρεοῦσαν,
1162 2422 1326 2474 πάντα
1363 2420 1546 2491 ἀγαθά.
1589 2422 1816 2490 Παραλα-

262 2494 371 2555 βὼν
398 2494 452 2545 δὲ
491 2499 643 2547 τοῦτο
680 2498 739 2549 τὸ
772 2498 893 2551 ἔπος
928 2500 957 2549 ὁ
995 2501 1162 2567 Κῦρος
1193 2496 1518 2569 παρεγύμνου
1555 2498 1642 2551 τὸν
1666 2498 1820 2553 πάντα
