1975 2892
588 133 971 179 KAmo.—1.
1007 138 1240 191 137-141.
1627 118 1703 180 '79

102 200 171 238 01.
192 198 257 239 58.
280 194 345 245 2]

104 256 341 327 Πέρσεω
367 256 397 308 ό
424 253 583 319 νέκυς,
614 255 737 326 πρὶν
770 255 833 309 ἂν
866 254 951 309 ὑπ’
980 253 1183 326 ὄρνιθος
1207 254 1238 324 ἦ
1266 254 1414 311 κυνὸς
1445 254 1701 323 ἑλκυσθῆ-

106 356 215 386 ναι.
260 334 461 404 μάγους
497 333 593 401 μὲν
634 334 737 404 γὰρ
776 333 1026 404 ἀτρεκέως
1065 329 1179 385 οἶδα
1217 334 1480 388 ποιέοντας
1522 336 1698 386 ταῦτα·
1727 351 1754 391 2

106 410 391 479 ἐμφανέως
426 412 529 481 γὰρ
562 410 623 478 δὴ
660 414 885 465 ποιεῦσι.
930 413 1376 481 κατακηρώσαντες
1411 411 1471 477 δὴ
1505 410 1575 464 ὧν
1613 414 1704 465 τὸν

108 491 265 543 νέκυν
306 489 529 559 Πέρσαι,
572 491 641 560 γῇ
683 486 985 559 κρύπτουσι.
1045 490 1219 559 Μάγοι
1270 489 1325 541 δὲ
1371 490 1702 559 κεχωρίδαται
1725 504 1751 545 8

108 568 326 619 πολλὸν
354 572 457 619 τῶν
491 587 547 618 τε
582 567 759 619 ἄλλων
794 566 1090 637 ἀνθρώπων,
1121 566 1202 618 καὶ
1241 572 1344 619 τῶν
1383 566 1436 618 ἐν
1462 564 1702 637 Αἰγύπτῳ

112 645 291 713 ιρέων.
334 646 385 696 οἱ
410 644 503 711 μὲν
526 645 629 714 γὰρ
655 643 931 716 ἆγνευουσι
956 646 1200 715 ἔμψυχον
1225 644 1382 711 μηδεν
1408 644 1634 703 κτείνειν,
1657 664 1702 695 ει

109 721 181 790 μὴ
212 722 321 774 ὅσα
348 720 549 775 θύουσι.
596 725 646 775 οἱ
672 724 727 776 δε
768 722 829 790 δὴ
855 724 1012 793 μάγοι
1037 723 1329 792 αὐτοχειρίῃ
1357 722 1538 781 πάντα,
1566 720 1702 789 πλὴν
1725 735 1754 776 4

110 801 269 854 κυνὸς
320 801 403 853 καὶ
452 799 739 870 ἀνθρώπου,
796 801 1068 853 κτείνουσι·
1129 802 1212 853 καὶ
1262 801 1528 871 ἀγώνισμα
1571 799 1702 869 μέγα

112 881 276 930 τοῦτο
322 881 597 943 ποιεῦνται,
644 878 923 933 κτείνοντες
972 878 1159 945 ὁμοίως
1200 876 1462 948 μύρμηκάς
1511 897 1570 930 τε
1621 878 1702 930 καὶ

114 954 293 1023 ὄφεις,
323 956 407 1007 καὶ
443 954 613 1008 τᾶλλα
648 956 835 1025 έρπετα
867 976 949 1008 και
972 956 1196 1009 πετεινά.
1240 957 1323 1009 καὶ
1347 954 1484 1024 ἀμφὶ
1509 976 1602 1022 μεν
1633 956 1704 1027 τῷ
1724 967 1750 1008 ⁸

118 1034 261 1103 νόμῳ
304 1031 469 1105 τούτῳ
504 1032 663 1102 ε’χέτω
709 1034 779 1089 ὧς
817 1034 900 1087 καὶ
936 1034 1102 1103 ἀρχὴν
1141 1033 1406 1101 ἐνομίσθη.
1448 1032 1612 1101 ἄνειμι
1648 1033 1704 1085 δὲ

120 1110 207 1164 ε’πὶ
233 1111 327 1163 τὸν
349 1113 602 1180 πρότερον
625 1114 807 1182 λόγον.

198 1185 377 1243 Ἴωνες
419 1189 475 1241 δε
515 1190 597 1241 καὶ
639 1186 862 1250 ΑΖολέες,
908 1187 977 1242 ὥς
1015 1187 1064 1239 οι
1108 1185 1260 1239 Λυδοὶ
1299 1185 1522 1253 τάχιστα
1562 1204 1704 1236 κατε-
1733 1183 1827 1237 14⁴

130 1266 407 1334 στράφατο
452 1266 552 1319 ὑπὸ
596 1264 855 1333 Περσέων,
905 1265 1129 1332 ἔπεμπον
1175 1261 1436 1332 ἀγγέλους
1477 1263 1532 1318 ές
1573 1262 1702 1355 Σάρ-

125 1344 207 1397 δις
231 1343 371 1412 παρὰ
398 1345 583 1412 Κῦρον,
612 1342 881 1399 ἐθέλοντες
906 1342 992 1396 ἐπὶ
1017 1346 1157 1395 τοῖσι
1183 1343 1388 1395 αὐτοῖσι
1414 1339 1538 1395 εἶναι
1566 1360 1705 1393 τοισι

124 1441 211 1473 και
234 1420 461 1515 Κροίσῳ
499 1417 633 1486 ἦσαν
672 1418 925 1487 κατήκοοι.
970 1424 1000 1473 ὁ
1041 1421 1114 1480 δε,
1153 1418 1377 1474 ἄκουσας
1427 1419 1592 1471 αὐτῶν
1643 1418 1706 1469 τὰ
1729 1430 1754 1471 2

124 1492 466 1567 προΐσχοντο,
495 1498 669 1595 3255&-
678 1499 783 1567 σφι
800 1500 979 1569 λόγον·
1030 1495 1290 1567 “,”Ανδρα
1321 1499 1444 1566 φὰς,
1462 1494 1703 1561 αὐλητὴν,

127 1575 303 1628 ἰδόντα
342 1574 489 1644 ἶχθῦς
530 1575 585 1628 ἐν
610 1580 693 1669 τῇ,
704 1576 971 1643 θαλάσσῃ,
1009 1575 1227 1633 αῦλεειν,
1257 1574 1496 1626 δοκέοντά
1536 1574 1708 1641 σφεας

128 1650 501 1719 ἐξελευσεσθαι
541 1654 593 1709 ἐς
628 1656 745 1725 γῆν.
796 1654 866 1708 ὣς
904 1655 960 1707 δε
1006 1651 1302 1721 ψευσθῆναι
1339 1653 1429 1719 τῆς
1468 1651 1703 1710 ε’λπίδος,

126 1733 315 1795 λαβεῖν
352 1731 775 1802 ἀμφίβληστρον,
806 1733 889 1785 καὶ
921 1732 1223 1801 περιβαλεῖν
1247 1750 1304 1781 τε
1335 1729 1536 1797 πλῆθος
1571 1729 1704 1781 πολ-

128 1811 227 1862 λὸν
250 1813 351 1861 τῶν
376 1807 569 1878 Ζχθῦων
594 1811 677 1863 καὶ
716 1807 994 1880 ἐξειρύσαι.
1037 1808 1210 1861 ἰδόντα
1236 1808 1292 1860 δὲ
1330 1806 1704 1874 παλλομένους,
1726 1818 1752 1859 8

130 1887 291 1941 εἰπεῖν
314 1886 413 1957 ἄρα
438 1888 591 1942 αὐτὸν
624 1890 755 1957 πρὸς
779 1887 899 1943 τοὺς
933 1886 1100 1957 ἰχθῦς·
1143 1883 1386 1939 Παῦεσθέ
1407 1907 1496 1954 μοι
1521 1885 1704 1955 ὀρχεό·

131 1985 291 2033 μενοι,
319 1964 428 2018 ἐπεὶ
446 1962 554 2019 οὐδ’
583 1965 700 2031 ε’μέο
727 1965 1000 2020 αὐλέοντος
1021 1962 1230 2032 ἧθέλετε
1249 1964 1500 2029 ἐκβαίνειν
1523 1963 1704 2033 ὀρχεό-

133 2040 329 2111 μενοι.”
390 2046 557 2113 Κῦρος
601 2043 696 2111 μὲν
728 2046 909 2095 τοῦτον
946 2044 1038 2096 τὸν
1076 2044 1237 2112 λόγον
1271 2045 1410 2095 τοῖσι
1433 2040 1587 2095 Ἴωσι
1627 2040 1708 2091 καὶ
1727 2050 1754 2092 4

132 2123 274 2173 τοῖσι
314 2120 563 2174 Αἰολεῦσι
602 2122 761 2175 τῶνδε
811 2118 973 2174 εἵνεκα
1018 2120 1184 2185 ἔλεξε,
1226 2120 1306 2172 ὅτι
1347 2120 1408 2186 δὴ
1450 2120 1502 2171 οἱ
1535 2116 1710 2171 Ἴωνες

135 2200 401 2269 πρότερον,
430 2199 585 2252 αὐτοῦ
615 2196 785 2269 Κύρου
821 2198 1086 2264 δεηθέντος
1120 2196 1182 2249 δι’
1212 2197 1447 2266 ἀγγέλων
1483 2194 1707 2248 άπίστα-

136 2275 262 2329 σθαί
314 2277 485 2345 σφεας
544 2277 645 2330 ἀπὸ
692 2276 941 2346 Κροίσου,
986 2274 1078 2326 οῦκ
1132 2273 1414 2326 ἐπείθοντο·
1485 2274 1600 2323 τότε
1653 2270 1710 2324 δὲ

136 2353 575 2424 κατειργασμένων
599 2376 700 2407 των
716 2353 1044 2423 πρηγμάτων,
1066 2348 1202 2417 ἦσαν
1226 2351 1416 2417 ετοῖμοι
1442 2346 1712 2402 πείθεσθαι

141 2428 311 2502 Κυρῳ.
378 2434 408 2483 ὁ
459 2452 553 2499 μεν
603 2430 683 2498 δὴ,
728 2430 857 2499 ὀργῇ
899 2430 1158 2498 ἐχόμενος,
1207 2427 1362 2495 ἔλεγέ
1414 2427 1518 2495 σφι
1569 2425 1710 2479 τάδε.

130 2506 303 2563 Ἴωνες
354 2508 409 2561 δε
465 2508 533 2563 ὣς
572 2511 799 2576 ἤκουσαν
839 2527 1034 2559 τουτων
1086 2501 1470 2571 ἀνενειχθέντων
1523 2503 1574 2558 ε’ς
1623 2503 1714 2556 τὰς
1730 2515 1756 2556 ⁸

140 2588 343 2646 πόλιας,
370 2585 545 2654 τείχεά
579 2606 636 2639 τε
666 2585 1074 2655 περιεβάλλοντο
1115 2581 1342 2641 ἔκαστοι,
1385 2581 1466 2632 καὶ
1501 2578 1714 2633 συνελε-
