1975 2892
261 107 379 165 226
855 113 1263 161 ΗΡοΔοΤοΥ
1611 161 1682 208 [Δ.
1702 161 1751 199 a
1770 159 1860 200 m

262 228 554 301 Αἰγυπτίων
589 225 723 281 οὕτω
765 226 826 296 δὴ
863 249 914 280 τι
955 226 1189 297 ἰσχυραὶ,
1218 228 1367 297 μόγις
1402 223 1465 279 ἂν
1499 222 1636 297 λίθῳ
1663 225 1871 279 παίσας

224 306 602 378 Βδιαρρήξειας.
647 304 809 360 αἴτιον
849 307 904 359 δὲ
944 304 1129 359 τούτου
1170 306 1289 358 τόδε
1323 305 1528 373 ἔλεγον,
1557 303 1643 355 καὶ
1680 301 1782 370 ἐμέ
1816 301 1870 373 γ’

264 385 510 440 εὐπετέως
537 384 758 448 ἔπειθον,
781 384 861 437 ὅτι
887 381 1159 455 Αἰγύπτιοι
1174 382 1287 450 μὲν,
1306 381 1483 435 αὐτίκα
1508 380 1613 434 ἀπὸ
1640 381 1876 435 παιδίων

263 464 556 535 ἀρξάμενοι,
585 464 851 534 ξυρεῦνται
885 462 976 517 τὰς
1013 461 1264 530 κεφαλὰς,
1294 460 1377 513 καὶ
1414 460 1543 530 πρὸς
1579 460 1674 511 τὸν
1704 460 1877 527 ἥλων
1966 508 1968 513 .

224 552 250 594 4
265 540 542 611 παχύνεται
568 543 629 596 τὸ
655 541 856 597 ὀστέον.
899 540 1063 593 τῶυτὸ
1092 539 1148 592 δὲ
1174 542 1326 593 τοῦτο
1354 539 1437 591 καὶ
1461 539 1555 590 τοῦ
1580 536 1652 603 μὴ
1680 538 1876 605 φαλα-

270 620 518 690 κροῦσθαι
547 617 707 673 α’ίτιόν
735 620 866 673 ἐστι·
911 616 1204 688 Αἰγυπτίων
1228 618 1329 688 γὰρ
1356 616 1417 669 ἄν
1436 635 1514 671 τις
1540 613 1881 683 ἐλαχίστους

227 706 252 747 ⁶
267 696 430 751 ἴδοιτο
468 697 767 766 φαλακροὺς
803 698 1007 750 πάντων
1045 695 1343 766 ἀνθρώπων.
1399 691 1635 747 τούτοισι
1670 694 1780 760 μὲν
1814 695 1877 761 δὴ

267 778 418 829 τοῦτό
445 775 563 827 ε’στι
598 772 760 828 α’ίτιον
796 774 1018 844 ἶσχυρὰς
1053 772 1264 843 φορέειν
1302 773 1393 828 τὰς
1420 771 1676 841 κεφαλάς.
1724 775 1877 826 τοῖσι

267 854 323 906 δέ
351 853 612 923 Πέρσῃσι,
642 852 721 905 ὅτι
747 851 995 907 ἀσθενέας
1021 849 1279 921 φορέουσι
1304 851 1394 905 τὰς
1420 851 1675 920 κεφαλὰς,
1698 848 1877 904 αἴτιον

267 931 406 983 τόδε·
453 930 862 1001 σκιητροφέουσι
889 929 948 998 ἐξ
984 930 1165 1001 ἀρχῆς,
1194 930 1382 984 πίλους
1420 929 1597 998 τιάρας
1634 929 1873 998 φορέον-

227 1018 252 1059 ⁶
267 1030 371 1063 τες.
412 1011 572 1061 ταῦτα
609 1009 703 1077 μέν
741 1030 830 1063 νυν
867 1011 1077 1061 τοιαῦτα
1116 1007 1265 1061 ἐόντα
1304 1001 1457 1061 εἶδον·
1500 1002 1640 1059 εἶδον
1682 1006 1747 1059 δὲ
1792 1008 1876 1061 καὶ

269 1087 409 1140 ἄλλα
445 1089 595 1154 ὁμοῖα
633 1085 866 1141 τούτοισι
901 1086 960 1140 ἐν
999 1084 1263 1157 Παπρήμι,
1291 1090 1394 1139 τῶν
1428 1085 1533 1153 ἅμα
1568 1083 1879 1153 Ἀχαιμένεῖ

268 1166 340 1233 τῷ
369 1165 590 1232 Δαρείου
617 1165 1002 1234 διαφθαρέντων
1028 1164 1127 1217 ὑπὸ
1154 1163 1331 1229 Ἰνάρω
1357 1166 1451 1217 τοῦ
1476 1163 1694 1227 Λίβυος.

177 1243 251 1299 13
349 1240 411 1293 Οἱ
452 1239 508 1291 δὲ
545 1236 811 1309 Αἰγύπτιοι
846 1239 901 1292 ἐκ
934 1240 1026 1305 τῆς
1060 1237 1245 1308 μάχης,
1273 1236 1341 1293 ὥς
1377 1236 1676 1307 ἐτράποντο,
1705 1237 1868 1307 ἔφευ-

269 1339 364 1389 γον
402 1318 568 1371 οὐδενὶ
608 1319 802 1391 κόσμῳ.
869 1315 1261 1386 κατειληθέντων
1300 1315 1357 1369 δὲ
1400 1316 1453 1371 ἐς
1492 1314 1729 1385 Μέμφιν,
1776 1318 1867 1371 ἔπ-

267 1417 398 1465 εμπε
435 1396 529 1450 ἇνᾶ
561 1395 791 1466 ποταμὸν
826 1395 1109 1466 Καμβύσης
1146 1396 1233 1449 νέα
1272 1394 1637 1462 Μυτιληναίην,
1674 1393 1867 1465 κήρυκα

271 1474 500 1545 ἄγουσαν
541 1474 701 1546 ἄνδρα
748 1476 978 1546 Πέρσην,
1027 1475 1079 1531 ἐς
1123 1472 1402 1543 ὁμολογίην
1452 1474 1865 1542 προκαλεόμενος

227 1568 253 1608 2
271 1548 598 1619 Αἰγυπτίους.
642 1549 692 1601 οἱ
733 1549 806 1611 δὲ,
837 1550 949 1603 ἐπεί
974 1571 1031 1602 τε
1062 1549 1153 1617 τὴν
1178 1549 1265 1602 νέα
1292 1547 1429 1605 εἶδον
1455 1550 1791 1607 ἐσελθοῦσαν
1816 1554 1864 1607 ἐς

269 1625 361 1693 τὴν
404 1626 635 1695 Μέμφιν,
677 1622 974 1697 ἐκχυθέντες
1013 1628 1161 1682 ἁλέες
1200 1627 1255 1680 ἐκ
1298 1631 1391 1682 τοῦ
1430 1627 1647 1697 τείχεος,
1688 1629 1786 1698 τῆν
1810 1653 1861 1684 τε

268 1703 356 1759 νέα
398 1703 710 1776 διέφθειραν,
749 1706 831 1757 καὶ
870 1704 988 1760 τοὺς
1026 1704 1213 1776 ἄνδρας
1253 1707 1595 1776 κρεουργηδὸν
1634 1708 1856 1764 διασπά-

226 1799 252 1839 8
272 1802 472 1842 σαντες,
502 1782 722 1853 ἐφόρεον
757 1783 810 1838 ἐς
844 1784 904 1837 τὸ
940 1786 1132 1852 τεῖχος.
1177 1783 1259 1836 καὶ
1286 1782 1557 1855 Αἰγύπτιοι
1597 1785 1696 1853 μὲν
1734 1788 1861 1855 μετὰ

269 1862 422 1912 τοῦτο
442 1857 879 1930 πολιορκεύμενοι,
905 1863 1078 1933 χρόνῳ
1094 1861 1447 1931 παρέστησαν.
1512 1863 1575 1915 Οἱ
1602 1862 1661 1916 δὲ
1688 1886 1857 1934 προσ-

269 1935 410 2004 εχέες
437 1936 640 1999 Λίβυες,
665 1937 926 1994 δείσαντες
951 1940 1017 1991 τὰ
1042 1938 1159 2011 περὶ
1186 1939 1279 2007 τὴν
1302 1937 1561 2011 Αἴγυπτον
1586 1945 1857 2012 γεγονότα,

265 2013 560 2084 παρέδοσαν
597 2014 768 2083 σφέας
805 2016 988 2073 αὐτοὺς
1028 2016 1265 2086 άμαχητί·
1316 2018 1399 2071 καὶ
1440 2018 1609 2088 φόρον
1644 2040 1705 2073 τε
1742 2021 1854 2073 έτά-

223 2108 248 2149 4
269 2092 439 2159 ξαντο,
463 2092 544 2145 καὶ
571 2092 708 2163 δῶρα
734 2094 978 2161 ἔπεμπον.
1023 2095 1090 2149 ὣς
1110 2096 1165 2148 δέ
1189 2098 1458 2165 Κυρηναῖοι
1485 2096 1565 2148 καὶ
1594 2101 1852 2167 Βαρκαῖοι,

266 2171 526 2225 δείσαντες
554 2169 740 2239 ὁμοίως
765 2170 799 2223 ἃ
825 2172 906 2225 καὶ
942 2174 993 2226 οἱ
1027 2174 1232 2235 Λίβυες,
1262 2173 1410 2243 ἕτερα
1435 2176 1645 2227 τοιαῦτα
1680 2176 1851 2243 ἐποίη-

224 2265 249 2306 ⁶
267 2270 384 2301 σαν.
457 2246 743 2316 Καμβύσης
769 2250 824 2303 δὲ
860 2250 924 2303 τὰ
958 2250 1053 2319 μὲν
1076 2252 1214 2321 παρὰ
1240 2249 1447 2315 Λιβύων
1473 2250 1692 2305 ἐλθόντα
1720 2255 1853 2325 δῶρα

265 2326 607 2394 φιλοφρόνως
633 2326 859 2393 ἐδέξατο·
904 2328 968 2381 τὰ
996 2328 1052 2381 δὲ
1086 2329 1225 2399 παρὰ
1258 2328 1550 2399 Κυρηναίων
1575 2328 1851 2400 ἀπικόμενα

262 2402 534 2469 μεμφθεὶς,
567 2403 632 2458 ὣς
659 2404 779 2469 ἐμοὶ·
799 2404 979 2467 δοκέει,
1010 2404 1089 2458 ὅτι
1116 2404 1177 2473 ἦν
1196 2406 1369 2477 ὀλίγα*
1400 2406 1643 2475 ἔπεμψαν
1659 2410 1765 2478 γὰρ
1789 2410 1847 2476 δὴ

262 2480 597 2540 πεντηκοσίας
620 2480 773 2547 μνέας
799 2481 1043 2551 ἀργυρίου
1064 2486 1113 2535 οἱ
1142 2487 1430 2555 Κυρηναῖοι·
1474 2482 1660 2541 ταύτας
1684 2486 1845 2555 δρασ-

173 2541 251 2593 14
267 2547 481 2611 σόμενος
507 2555 798 2625 αὐτοχειρίῃ
836 2558 1095 2631 διέσπειρε
1132 2565 1193 2629 τῇ
1228 2566 1465 2631 στρατιῇ.
1652 2561 1844 2634 Ἡμέρη

1956 1222 1969 1570 1
