1975 2892
270 77 379 134 132
536 74 545 79 '
712 122 723 127 -
851 84 1298 139 ΗΡοΔοΤοΥ,

266 201 419 253 αὐτὸν
450 198 569 267 περὶ
602 202 704 251 τῶν
737 196 977 265 ἀφανέων
1009 196 1216 267 γνώμην
1253 195 1627 261 ἀποδέξασθαι,
1658 197 1862 267 φράσω

155 338 159 341 ,
228 296 253 336 2
272 279 401 331 διότι
424 297 513 343 μοι
540 275 701 329 δοκέει
732 273 1060 341 πληθῦεσθαι
1095 276 1124 327 ό
1151 276 1365 329 Νεῖλος
1381 277 1474 326 τοῦ
1512 273 1708 343 θέρεος.
1767 274 1864 341 τὴν

160 344 165 351 ’
268 353 554 424 χειμερινὴν
580 354 713 423 ὥρην
736 352 1144 419 ἀπελαυνόμενος
1170 354 1200 404 6
1237 350 1388 419 ἥλιος
1421 352 1478 403 ε’κ
1513 354 1604 419 τῆς
1640 352 1864 422 ἀρχαίης

270 433 505 499 διεξόδου
550 431 649 485 ὑπὸ
694 435 797 485 τῶν
840 432 1121 499 χειμώνων,
1167 429 1373 499 ἔρχεται
1418 432 1509 498 τῆς
1549 428 1750 496 Λιβύης
1795 431 1864 483 τὰ

230 511 391 572 ιᾶνω.
446 511 515 565 ὣς
552 508 646 577 μέν
684 530 773 561 νυν
812 508 867 562 ἐν
906 507 1174 607 έλαχίστῳ
1213 509 1467 573 δηλῶσαι,
1495 510 1599 561 πᾶν
1640 504 1858 607 εἴρηται·

271 590 361 657 τῆς
383 589 484 661 γὰρ
510 582 627 641 ἀν’
596 587 867 657 αγχοτάτω
904 581 939 654 ᾖ
976 586 1149 655 χώρης
1187 584 1341 640 οὗτος
1380 588 1409 638 6
1451 584 1588 647 θεὸς,
1618 586 1704 639 καὶ
1732 587 1864 639 κατὰ
1955 582 1963 599 “

270 667 332 736 ἤν
356 688 485 728 τινα,
513 662 699 731 ταῦτην
722 664 855 719 εἰκὸς
880 664 1044 732 διψῆν
1074 684 1132 716 τε
1167 663 1366 716 ὑδάτων
1399 665 1653 731 μάλιστα,
1683 684 1770 721 και
1797 664 1865 717 τὰ

176 745 300 801 25’
272 747 495 815 εγχώρια
527 740 752 814 ῥεύματα
783 740 1122 811 μαραίνεσθαι
1155 746 1258 794 τῶν
1291 746 1554 809 ποταμῶν.
1769 740 1865 797 Ὦς
1960 772 1962 777 ·

272 822 327 875 δὲ
374 823 429 875 έν
472 820 652 874 πλέονι
695 821 839 892 λόγῳ
886 820 1138 886 δηλῶσαι,
1181 818 1280 871 ὦδε
1325 819 1455 888 ἔχει.
1517 820 1723 886 διεξιὼν
1770 822 1866 887 τῆς

272 896 464 965 Λιβύης
488 899 553 950 τὰ
578 897 679 949 ἅνω
706 899 735 950 6
762 897 927 965 ἥλιος,
956 897 1078 951 τάδε
1103 896 1284 950 ποιέει·
1319 897 1409 949 ὅτε
1435 897 1521 950 διὰ
1545 900 1741 953 παντὸς
1768 902 1864 951 τοῦ

271 979 459 1046 χρόνου
484 973 683 1044 αἰθρίου
720 996 777 1026 τε
812 974 985 1029 ε’όντος
1019 978 1112 1027 τοῦ
1147 970 1298 1043 ἧέρος
1331 978 1424 1027 τοῦ
1453 976 1580 1027 κατὰ
1604 980 1774 1029 ταῦτα,
1799 977 1866 1029 τὰ

273 1054 454 1124 χωρία,
484 1052 565 1105 καὶ
590 1052 817 1118 ἀλεεινῆς
846 1054 937 1120 τῆς
970 1053 1144 1122 χώρης
1177 1049 1382 1119 εὀὗσης,
1409 1053 1504 1105 οὐκ
1529 1053 1719 1109 ἐόντων
1745 1054 1863 1107 ἀνέ-

272 1154 382 1200 μων
404 1132 645 1201 ψυχρῶν,
674 1130 875 1196 διεξιὼν
899 1129 1063 1185 ποιέει
1099 1125 1208 1183 οἷόν
1231 1150 1330 1199 περ
1357 1132 1441 1183 καὶ
1466 1132 1526 1184 τὸ
1551 1130 1706 1201 ,θέρος
1730 1132 1866 1185 ἔωθε

273 1208 479 1269 ποιέειν,
498 1208 586 1261 ἰὼν
604 1208 665 1259 τὸ
689 1206 853 1275 μέσον
877 1212 971 1261 τοῦ
997 1208 1234 1277 οὐρανοῦ.
1269 1208 1416 1261 ἕλκει
1439 1209 1542 1280 γὰρ
1571 1208 1649 1263 ἐπ’
1667 1212 1866 1263 ε’ωυτὸν

233 1298 262 1340 2
276 1290 334 1342 τὸ
360 1285 514 1357 ὕδωρ·
560 1282 782 1340 ἑλκύσας
808 1286 883 1347 δὲ,
912 1285 1132 1339 ἀπωθέει
1168 1285 1221 1341 ἐς
1257 1285 1323 1338 τὰ
1357 1285 1462 1340 ἅνω
1495 1287 1682 1357 χωρία·
1727 1289 1862 1343 ὕπο-

274 1366 623 1435 λαμβάνοντες
661 1364 717 1417 δὲ
757 1365 806 1417 οἶ
844 1363 1038 1436 ἄνεμοι,
1067 1365 1150 1417 καὶ
1190 1364 1586 1427 διασκιδνάντες,
1615 1364 1861 1433 τήκουσι·
1941 1418 1952 1429 ,

276 1445 360 1497 καί
384 1444 489 1497 εἶσι
515 1442 723 1497 οἰκότως
748 1444 797 1496 οἱ
824 1443 925 1496 ἀπὸ
950 1440 1136 1509 ταύτης
1160 1444 1252 1510 τῆς
1275 1444 1448 1512 χώρης
1471 1443 1730 1505 πνέοντες,
1749 1444 1784 1498 ὅ
1808 1466 1866 1497 τε

276 1524 439 1582 νότος,
457 1522 539 1575 καὶ
565 1523 595 1573 6
618 1520 745 1591 λὶψ,
763 1520 959 1589 ἀνέμων
982 1521 1188 1574 πολλὸν
1212 1525 1315 1574 τῶν
1331 1522 1536 1575 πάντων
1563 1522 1860 1577 ὖετώτατοι.

237 1618 264 1659 ⁸
279 1599 441 1654 δοκέει
476 1600 535 1653 δέ
566 1620 655 1666 μοι
690 1598 809 1652 οὐδὲ
843 1600 945 1653 πᾶν
979 1600 1040 1651 τὸ
1077 1596 1214 1667 ὕδωρ
1249 1600 1309 1652 τὸ
1347 1598 1575 1653 ἐπέτειον
1609 1600 1865 1671 ἑκάστοτε
1958 1656 1959 1663 ,

278 1676 672 1747 ἀποπέμπεσθαι
709 1679 801 1729 τοῦ
838 1676 1032 1730 Νείλου
1072 1679 1101 1729 6
1142 1675 1312 1743 ἥλιος,
1341 1676 1482 1729 ἀλλὰ
1521 1677 1605 1730 καὶ
1644 1678 1860 1741 ὖπολεί-
1958 1672 1959 1701 ἦ

239 1770 265 1810 ι
278 1755 471 1810 πεσθαι
512 1755 632 1824 περὶ
678 1754 881 1807 ἑωυτόν.
948 1753 1300 1823 πρηῦνομένου
1346 1755 1405 1808 δὲ
1447 1758 1542 1808 τοῦ
1587 1762 1861 1824 χειμῶνος,

280 1833 555 1903 ἀπέρχεται
581 1834 611 1885 6
635 1831 789 1900 ἥλιος
815 1832 866 1887 ἐς
898 1831 1065 1899 μέσον
1088 1833 1178 1885 τὸν
1203 1832 1416 1901 οὐρανὸν
1441 1832 1635 1886 ὀπίσω·
1691 1834 1778 1887 καὶ
1804 1837 1863 1887 τὸ

238 1927 263 1968 ὅ
282 1908 510 1964 ἐνθεῦτεν
534 1910 629 1977 ἤδη
657 1909 843 1977 ὁμοίως
872 1909 973 1963 ἀπὸ
1009 1910 1213 1964 πάντων
1239 1909 1383 1963 ἕλκει
1417 1916 1680 1979 ποταμῶν.
1736 1912 1865 1967 τέως

280 1988 337 2043 δὲ
372 1988 423 2040 οἱ
456 1988 567 2055 μὲν,
595 1986 815 2057 ὀμβρίου
850 1984 1035 2043 ὕδατος
1069 1987 1489 2059 συμμισγομένου
1522 1991 1735 2043 πολλοῦ
1767 1991 1860 2043 αὗ-

281 2068 440 2128 τοῖσι,
468 2066 557 2119 ἅτε
591 2064 801 2133 ὑομένης
838 2087 893 2118 τε
927 2067 1019 2132 τῆς
1051 2066 1223 2135 χώρης
1265 2066 1348 2118 καὶ
1387 2067 1861 2138 κεχαραδρωμένης,

280 2145 461 2219 ῥέουσι
483 2144 718 2215 μεγάλοι·
762 2147 855 2197 τοῦ
886 2143 941 2196 δὲ
968 2143 1160 2213 θέρεος,
1189 2147 1293 2196 τῶν
1324 2164 1382 2195 τε
1417 2142 1630 2215 ὄμβρων
1663 2146 1862 2199 ἐπιλει-
1949 2168 1951 2175 ·

280 2227 480 2279 πόντων
514 2221 713 2281 αὐτοὺς,
742 2221 824 2273 καὶ
860 2221 958 2274 ὑπὸ
995 2224 1087 2273 τοῦ
1123 2219 1272 2287 ἡλίου
1307 2221 1591 2288 ἑλκόμενοι,
1621 2222 1866 2279 ἀσθενέες

154 2326 159 2331 ·
245 2300 406 2353 αεῖσί.
463 2302 492 2352 6
518 2300 575 2353 δέ
603 2300 792 2351 Νεῖλος
820 2298 914 2351 ε’ὼν
938 2297 1213 2367 ἄνομβρος,
1244 2298 1516 2364 ἑλκόμενος
1551 2300 1608 2352 δὲ
1642 2299 1746 2353 ὑπὸ
1772 2306 1865 2353 τοῦ
1947 2292 1949 2299 ’

282 2374 449 2439 ἡλίου,
466 2380 651 2440 μοῦνος
676 2379 916 2441 ποταμῶν
941 2378 1124 2427 τοῦτον
1149 2376 1239 2428 τὸν
1262 2377 1452 2444 χρόνον
1471 2375 1684 2432 οἰκότως
1713 2379 1865 2433 αὐτὸς

283 2449 473 2499 ἑωυτοῦ
508 2450 615 2519 ῥέει
651 2452 836 2522 πολλῷ
875 2450 1246 2521 ὑποδεέστερος
1284 2451 1314 2518 ἣ
1354 2456 1448 2505 τοῦ
1489 2452 1685 2523 θέρεος·
1747 2460 1864 2509 τότε

252 2540 373 2592 μιν
396 2521 496 2590 γὰρ
522 2526 647 2591 μετὰ
680 2528 883 2579 πάντων
916 2532 1018 2579 τῶν
1052 2526 1306 2582 aaron*
1283 2550 1402 2583 ισον
1433 2529 1661 2595 ἕλκεται,
1689 2534 1781 2587 τὸν
1807 2534 1864 2587 δὲ
