1975 2892
603 103 990 150 KAE1nNJ—1
1022 101 1196 150 ⁶6-68.
1597 105 1681 170 35·

100 166 160 205 01.
183 165 407 206 55.1-58.
427 165 487 213 a]

95 225 236 282 αὖτις
261 227 354 294 τὴν
375 229 427 283 ἐς
447 228 611 281 θεὸν’
584 232 1005 302 επειρησομένους
1030 235 1119 288 τὸν
1142 239 1315 306 χῶρον
1334 236 1389 290 ἐν
1408 237 1481 310 τῷ
1508 237 1673 289 κέοιτο

95 307 121 356 ὁ
135 304 407 375 Ὀρέστης.
454 306 704 377 είρωτῶσι
731 310 788 362 δε
815 315 972 364 ταῦτα
997 333 1139 366 τοισι
1166 312 1503 384 θεοπρόποισι
1528 315 1671 386 λέγει
1692 314 1719 356 ⁴

94 381 122 449 ἦ
149 383 321 450 Πυθίη
346 384 486 438 τάδε·

176 500 298 542 Etr-n
320 513 392 544 τις
415 495 661 558 Ἀρκαδίης
682 493 838 555 Τεγέη
859 497 1013 556 λευρῷ
1036 494 1103 543 ἑνὶ
1126 493 1201 554 χῶ

159 557 264 606 ἔνθ’
289 559 450 617 ἄνεμοι
472 560 685 608 πνείουσι
705 559 788 607 δύο
811 561 1039 622 κρατερῆς
1063 557 1137 606 ὑπ’
1160 559 1219 606 ἀν
1250 575 1385 616 γκης,

157 622 238 670 καὶ
261 621 408 672 τύπος
430 622 696 682 ἀντίτυπος,
722 623 798 671 καὶ
820 624 933 682 πῆμ’
959 623 1036 670 ἐπὶ
1057 621 1237 682 πήματι
1259 623 1423 670 κεῖται.

158 685 262 734 ἔνθ’
284 686 690 747 Ἀγαμεμνονίδην
712 685 910 748 κατέχει
932 684 1157 748 φυσίζοος
1180 683 1275 733 αἶα·

157 748 248 798 τὸν
269 748 332 797 συ
353 748 719 810 κομισσάμενος,
740 749 920 811 Τεγέης
943 749 1241 814 ἐπιτάρροθος
1264 747 1402 812 ἔσσῃ.

84 845 181 901 Ὦς
207 847 263 900 δέ
291 869 374 901 και
399 851 556 900 ταῦτα
581 850 807 916 ἤκουσαν
832 849 882 901 οἱ
909 849 1310 918 Λακεδαιμόνιοι,
1338 850 1555 920 ἀπειχον
1578 851 1669 918 τῆς
1686 861 1711 902 6

87 925 383 996 ἐξευρέσιος
419 926 567 979 οὐδὲν
602 927 859 988 ἔλασσον,
894 929 1059 981 πάντα
1093 925 1364 995 διζήμενοι·
1422 929 1475 983 ἐς
1510 927 1571 982 οὗ
1606 928 1667 996 δὴ

86 1003 270 1070 Λίχης,
288 1009 391 1057 τῶν
410 1003 736 1075 ἀγαθοεργῶν
755 1006 1071 1073 καλεομένων
1085 1006 1451 1076 Σπαρτιητέων,
1470 1005 1666 1073 ἀνεῦρε.

84 1083 138 1132 οἱ
179 1083 236 1134 δὲ
273 1080 578 1152 ἀγαθοεργοὶ
614 1083 719 1135 εἶσὶ
753 1088 854 1142 τῶν
888 1083 1079 1143 ἀστῶν,
1111 1083 1330 1149 ἐξιόντες
1366 1084 1420 1136 ἐκ
1455 1089 1556 1136 τῶν
1583 1085 1665 1136 ίπ-
1684 1098 1708 1137 σ

81 1159 229 1212 πέων
261 1159 360 1212 αἰεὶ
395 1161 444 1212 οἱ
480 1157 850 1229 πρεσβύτατοι,
887 1159 1039 1214 πέντε
1080 1161 1219 1216 ἔτεος
1254 1162 1492 1215 ἑκάστου·
1548 1161 1669 1218 τοὺς

81 1237 172 1290 δεῖ
203 1242 386 1290 τοῦτον
416 1239 506 1290 τὸν
533 1237 775 1298 ἐνιαυτὸν,
805 1240 893 1292 τὸν
919 1237 980 1292 ἂν
1008 1239 1187 1304 ἐξίωσι
1221 1238 1280 1292 ἐκ
1316 1243 1418 1293 τῶν
1454 1239 1664 1302 ἱππέων,

81 1315 443 1385 Σπαρτιητέων
468 1319 540 1388 τῷ
576 1319 724 1389 κοινῷ
759 1317 1194 1385 διαπεμπομένους
1228 1316 1297 1384 μὴ
1325 1316 1543 1370 ἐλινύειν
1569 1317 1667 1369 ἅλ-

77 1395 218 1448 λους
247 1393 404 1462 ὣλῃ.
613 1392 818 1447 Τούτων
843 1393 913 1446 ὦν
938 1400 1040 1447 τῶν
1066 1395 1261 1464 ἀνδρῶν
1298 1395 1457 1462 Λίχης
1491 1393 1669 1464 ἀνεῦρε
1686 1397 1760 1451 68

79 1471 144 1525 ἐν
173 1471 350 1542 Τεγέῃ,
379 1471 461 1524 καὶ
489 1471 735 1540 συντυχίῃ
761 1473 1087 1542 χρησάμενος
1124 1473 1205 1524 καὶ
1242 1472 1425 1540 σοφίῃ.
1480 1469 1671 1539 ἐούσης

78 1551 193 1620 γὰρ
233 1553 415 1602 τοῦτον
453 1551 543 1602 τὸν
576 1553 764 1620 χρόνον
789 1549 1043 1617 ἐπιμιξίης
1080 1551 1211 1619 πρὸς
1249 1549 1366 1603 τοὺς
1399 1547 1665 1619 Τεγεῆτας,

79 1627 261 1682 ἐλθὼν
285 1623 338 1681 ές
361 1626 627 1695 χαλκῆἲον,
656 1627 852 1694 ἐθηεῖτο
891 1628 1105 1697 σίδηρον
1130 1625 1542 1694 ἐξελαυνόμενον·
1586 1629 1669 1680 καὶ

79 1706 145 1760 ἐν
175 1704 398 1772 θώυματι
439 1702 515 1770 ἢν,
546 1706 704 1775 ὁρέων
742 1707 802 1758 τὸ
843 1708 1157 1772 ποιεόμενον.
1212 1703 1385 1772 μαθὼν
1419 1703 1476 1757 δέ
1512 1727 1600 1772 μιν
1639 1709 1667 1759 ὅ
1684 1709 1710 1751 2

80 1783 314 1854 χαλκεὺς
351 1782 796 1850 ἀποθωυμάζοντα,
839 1779 949 1836 εἶπε
998 1783 1320 1850 παυσάμενος
1362 1786 1453 1835 τοῦ
1493 1784 1664 1853 ἔργου·

83 1868 124 1890 “
138 1859 220 1913 'H
247 1881 339 1913 κου
365 1861 443 1919 ἂν,
474 1859 514 1912 ὦ
541 1861 670 1927 ξεῖνε
700 1861 893 1921 Λάκων,
924 1857 984 1913 εἶ’
1008 1882 1105 1931 περ
1146 1855 1275 1916 εἶδες
1314 1863 1373 1914 τό
1412 1882 1509 1931 περ
1546 1859 1665 1933 ἐγὼ,

78 1943 253 2008 κάρτα
291 1939 353 1991 ἂν
387 1937 689 2005 &ecam-paces.
746 1937 866 1990 ὅκου
902 1941 990 1992 νῦν
1026 1936 1157 1991 οὕτω
1192 1941 1460 2009 τυγχάνεις
1495 1938 1669 2007 θῶυμα

74 2016 387 2086 ποιεύμενος
413 2016 504 2083 τὴν
531 2015 776 2085 ἐργασίην
801 2019 893 2069 τοῦ
923 2013 1157 2086 σιδήρου.
1213 2015 1315 2085 ἐγὼ
1341 2018 1442 2088 γὰρ
1468 2015 1524 2068 ἐν
1550 2018 1669 2084 τῇδε
1686 2026 1711 2067 8

75 2097 264 2151 θέλων
302 2095 365 2162 τῇ
405 2095 536 2161 αὐλῇ
577 2093 746 2164 φρέαρ
783 2090 1121 2160 ποιήσασθαι,
1150 2092 1395 2164 ὀρύσσων
1420 2093 1671 2162 ἐπέτυχον

77 2173 239 2245 σορῷ
283 2170 584 2239 ἔπταπήχεῖ·
644 2171 743 2224 ὑπὸ
791 2171 846 2224 δὲ
891 2171 1135 2238 ἀπιστίης
1178 2170 1247 2237 μὴ
1294 2171 1387 2237 μὲν
1430 2170 1671 2241 γενέσθαι

71 2251 296 2322 μηδαμὰ
334 2248 544 2317 μέζονας
580 2248 876 2318 ἀνθρώπους
915 2253 1017 2300 τῶν
1053 2252 1158 2308 νῦν,
1188 2247 1357 2319 ἀνῷξα
1388 2247 1560 2314 αὐτὴν,
1591 2247 1671 2300 καὶ

75 2326 230 2383 εἶδον
255 2328 345 2380 τὸν
372 2328 547 2396 νεκρὸν
579 2326 728 2395 μήκεῖ
762 2322 880 2380 ἴσον
913 2325 1063 2378 ε’όντα
1098 2327 1159 2392 τῇ
1197 2327 1360 2396 σορῷ.
1416 2322 1673 2394 μετρήσας

77 2409 162 2467 δὲ,
185 2403 465 2472 συνέχωσα
491 2401 720 2458 ὀπίσω.”
767 2403 828 2456 ‘0
854 2405 948 2470 μὲν
974 2401 1036 2469 δή
1064 2404 1113 2454 οἶ
1140 2403 1295 2470 ἔλεγε
1321 2401 1385 2453 τά
1409 2422 1506 2470 περ
1534 2401 1668 2454 ὂπῶ-
1690 2414 1714 2452 4

74 2496 200 2540 πεε·
265 2485 296 2536 ὁ
343 2483 418 2543 δὲ,
467 2481 692 2536 ἐννώσας
743 2481 807 2532 τὰ
856 2483 1128 2549 λεγόμενα,
1178 2479 1531 2540 συνεβάλλετο
1584 2479 1674 2530 τὸν

74 2561 342 2631 Ὀρέστεα
379 2559 506 2612 κατὰ
543 2560 604 2612 τὸ
645 2559 954 2625 θεοπρόπιον
993 2559 1175 2608 τοῦτον
1214 2549 1356 2614 εἶναι,
1385 2555 1503 2622 τῇδε
1539 2575 1672 2616 συμ-
