1975 2892
612 134 1236 197 KAE10.—-1.167-171
1641 134 1718 189 93

106 199 183 238 01.
205 198 273 239 58.
294 196 435 238 3—60.
452 196 511 245 8.]

110 250 451 346 δουλοσύνης
475 252 876 321 εὐδαιμονήσειν,
906 252 1078 321 νήσων
1111 278 1168 309 τε
1195 260 1436 311 ἁπασέων
1464 259 1717 329 μεγίστην

106 328 446 396 νεμομένους,
478 330 561 383 καὶ
586 330 837 400 ἄρχοντας
872 332 1068 385 ἄλλων·
1113 335 1330 401 μένουσι
1357 336 1415 388 δέ
1441 338 1600 405 σφι’
1574 360 1627 389 εν
1653 340 1717 405 τῇ

104 406 287 473 Ἰωνίῃ
316 408 411 460 οὐκ
436 409 537 476 ἔφη
575 408 751 479 ἐνορᾶν
777 409 1084 481 ἐλευθερίην
1116 412 1193 463 ἔτι
1230 411 1513 479 ἐσομένην.’
1576 413 1754 481 Αὕτη3

106 486 213 552 μέν
256 484 469 540 Βίαντος
512 488 605 537 τοῦ
640 488 890 585 Πριηνέος
924 489 1117 557 γνώμη,
1158 488 1244 541 ἐπὶ
1289 490 1713 560 διεφθαρμένοισι

94 560 265 615 Ἴωσι
290 563 553 633 γενομένη.
594 564 798 635 χρηστὴ
828 566 887 618 δε
914 566 998 617 καὶ
1021 567 1144 636 πρὶν
1169 564 1198 633 ἢ
1231 567 1574 638 διαφθαρῆναι
1600 569 1710 621 Ἰω-

108 640 231 707 νίην
258 640 443 693 Θάλεω
470 641 650 711 ἀνδρὸς
677 642 1002 709 Μιλησίου’
974 643 1192 713 εγένετο,
1215 646 1276 697 τὸ
1304 644 1544 697 ἀνέκαθεν
1567 647 1714 716 γένος

110 719 296 772 ἐόντος
342 719 589 774 Φοίνικος·
648 716 705 775 ὃς
747 720 957 773 ἐκέλευε
1011 719 1066 774 ἓν
1116 719 1490 793 βουλευτήριον
1531 721 1714 821 ’,Ιωνας

112 796 385 863 ἐκτησθαι,
414 798 473 849 τὸ
520 797 576 850 δὲ
622 792 748 851 εἶναι
794 798 849 850 ἐν
887 796 1016 870 Τέῳ·
1059 798 1198 852 Τέων
1235 800 1337 870 γὰρ
1375 801 1542 867 μέσον
1584 797 1710 855 εἶναι

107 872 332 940 Ἰωνίης.
375 874 465 929 τὰς
499 874 555 927 δέ
595 873 761 930 ἄλλας
793 877 980 931 πόλιας
1017 876 1304 945 οἰκεομένας
1340 878 1498 946 μηδὲν
1535 878 1706 947 ἧσσον
1725 888 1752 930 4

112 950 421 1019 νομίζεσθαι
466 953 687 1023 κατάπερ
734 953 779 1005 εἶ
824 955 974 1021 δῆμοι
1017 950 1136 1007 εἶεν.
1179 952 1312 1007 οὕτω
1357 957 1450 1024 μὲν
1492 956 1553 1026 δή
1603 959 1706 1027 σφι

110 1031 325 1123 γνώμας
348 1030 560 1083 τοιασδε
584 1030 919 1097 ἀπεδέξαντο.

220 1098 488 1171 Ἅρπαγος
550 1101 607 1153 δέ
672 1102 1160 1172 καταστρεψάμενος
1210 1103 1417 1173 Ἰωνίην,
1473 1106 1698 1161 εποιέετο
1728 1106 1832 1169 171

118 1177 402 1254 στρατηίην
446 1181 531 1235 ἐπὶ
571 1183 741 1251 Κᾶρας
783 1182 866 1233 καὶ
913 1181 1162 1235 Καυνίους
1203 1183 1284 1234 καὶ
1324 1182 1558 1243 Λυκίους,
1601 1184 1704 1251 ἅμα

117 1262 369 1329 ἀγόμενος
414 1258 496 1313 καὶ
536 1256 719 1314 Ἴωνας
770 1259 851 1312 καὶ
903 1258 1140 1313 Αἰολέας.
1223 1259 1346 1311 Εἰσὶ
1399 1260 1454 1313 δε
1507 1281 1702 1313 τουτων
1720 1280 1746 1319 2

119 1342 292 1407 Κᾶρες
316 1336 407 1405 μὲν
432 1337 698 1407 ἀπιγμένοι
719 1337 771 1391 ἐς
797 1336 889 1404 τὴν
917 1339 1128 1406 ἤπειρον
1163 1336 1218 1389 ἐκ
1257 1342 1358 1389 τῶν
1396 1334 1584 1403 νήσων.
1643 1339 1702 1390 τὸ

118 1417 225 1488 γὰρ
260 1416 479 1470 παλαιὸν
518 1416 684 1469 ἐόντες
720 1414 865 1467 Μίνω
898 1435 959 1466 τε
997 1411 1251 1481 κατήκοοι,
1289 1414 1372 1466 καὶ
1410 1416 1702 1481 καλεόμενοι

124 1494 370 1564 Λέλεγες,
398 1488 539 1561 εἶχον
564 1493 654 1546 τὰς
681 1490 886 1559 νήσους,
916 1493 1086 1561 φόρον
1118 1491 1212 1559 μὲν
1245 1491 1424 1543 οὐδένα
1455 1490 1699 1543 ὑποτελέ-

122 1592 287 1632 οντες,
315 1570 443 1623 ὅσον
469 1571 551 1622 καὶ
578 1570 679 1639 ἐγὼ
710 1570 921 1623 δυνατός
955 1568 1058 1636 εἶμι
1091 1569 1406 1637 μακρότατον
1443 1567 1702 1633 ἐξικέσθαι

124 1650 267 1717 ἀκοῇ·
309 1650 358 1700 οἶ
398 1647 472 1708 δὲ,
500 1646 630 1701 ὅκως
664 1646 837 1701 Μίνως
868 1645 1055 1705 δέοιτο,
1084 1643 1343 1715 ἐπλήρουν
1376 1646 1426 1696 οἶ
1451 1645 1542 1699 τὰς
1567 1645 1698 1701 νέας.

124 1728 216 1779 ἅτε
258 1726 311 1779 δὲ
354 1726 417 1793 δὴ
456 1725 603 1778 Μίνω
642 1746 699 1777 τε
740 1721 1186 1793 κατεστραμμένου
1219 1724 1317 1793 γῆν
1353 1722 1573 1789 πολλὴν,
1618 1724 1740 1785 ceals

127 1803 450 1872 εὐτυχέοντος
488 1804 562 1874 τῷ
595 1802 825 1873 πολέμῳ,
853 1802 914 1853 τὸ
952 1801 1172 1871 Καρικὸν
1205 1797 1267 1867 ἦν
1301 1799 1444 1855 ἔθνος
1469 1802 1695 1871 λογιμώ-

126 1903 277 1934 τατον
300 1886 401 1934 τῶν
427 1880 611 1933 ἐθνέων
635 1881 869 1933 ἁπάντων
894 1879 1020 1932 κατὰ
1055 1881 1236 1931 τοῦτον
1271 1879 1374 1947 ἅμα
1397 1879 1488 1932 τὸν
1510 1883 1699 1950 χρόνον

127 1964 299 2031 μακρῷ
340 1960 589 2027 μάλιστα.
652 1957 736 2009 καί
780 1958 885 2026 σφι
930 1956 1080 2027 τριξὰ
1124 1955 1438 2027 ἐξευρήματα
1476 1958 1693 2027 ἐγένετο,
1712 1980 1738 2019 4

128 2040 267 2089 τοῖσι
303 2038 353 2089 οἱ
382 2034 637 2101 Ἕλληνες
672 2033 978 2103 ἐχρήσαντο.
1037 2034 1120 2087 καὶ
1155 2035 1256 2104 γὰρ
1296 2035 1380 2087 ἐπὶ
1417 2036 1480 2087 τὰ
1516 2038 1694 2104 κράνεα
1711 2056 1736 2095 5

129 2116 326 2184 λόφους
356 2112 647 2167 ἐπιδέεσθαι
674 2111 839 2182 Κᾶρές
870 2112 972 2164 εἶσι
1009 2112 1059 2164 οἱ
1095 2112 1470 2177 καταδέξαντες,
1500 2114 1581 2164 καὶ
1612 2112 1695 2165 ἐπὶ

129 2194 219 2248 τὰς
255 2191 474 2247 ἀσπίδας
512 2192 577 2243 τὰ
618 2188 809 2257 σημήῖα
845 2189 1130 2243 ποιέεσθαι.
1190 2191 1274 2241 καὶ
1307 2188 1469 2257 ὄχανα
1503 2188 1693 2241 ἀσπίσι
1711 2209 1736 2248 a

129 2269 271 2324 οὗτοί
294 2270 397 2322 εἶσι
422 2270 473 2322 οἱ
498 2269 832 2335 ποιησάμενοι
856 2270 1069 2336 πρῶτοι·
1113 2263 1239 2319 τέως
1274 2265 1328 2316 δὲ
1355 2266 1472 2317 ἄνευ
1497 2266 1696 2333 ὀχάνων
1716 2285 1722 2289 ·

132 2348 343 2417 ἐφόρεον
394 2347 484 2403 τὰς
534 2346 758 2400 ἀσπίδας
806 2344 992 2398 πάντες
1042 2339 1187 2412 οἵπερ
1233 2341 1460 2394 ἐώθεσαν
1505 2343 1694 2396 ἀσπίσι

129 2423 385 2495 χρέεσθαι,
421 2425 682 2491 τελαμῶσι
723 2421 1010 2475 σκυτίνοισι
1050 2419 1367 2486 οἰηκίζοντες,
1400 2420 1517 2488 περὶ
1556 2423 1695 2472 τοῖσι

133 2500 313 2571 αὐχέσι
352 2522 409 2554 τε
450 2503 533 2565 καὶ
570 2503 711 2553 τοῖσι
752 2499 1076 2569 ἀριστεροῖσι
1117 2495 1303 2564 ὤμοισι
1338 2497 1690 2566 περικείμενοι.

135 2580 273 2635 Μετα
312 2579 386 2641 δὲ,
422 2578 542 2634 τοὺς
583 2580 755 2647 Κᾶρας
793 2577 965 2647 χρόνῳ
1007 2570 1226 2644 ὕστερον
1259 2574 1442 2646 πολλφ
1478 2572 1690 2645 Δωριέες
1709 2594 1733 2636 τ
