1975 2892
559 94 1038 143 eAAEIA.—111.
1073 95 1242 157 57-61·
1579 92 1694 146 253

49 160 149 199 01.
175 158 248 199 68.
271 157 336 208 4.]

47 215 188 283 τὴν
229 214 289 266 ἐν
323 209 496 283 Κρήτῃ
532 213 760 266 ἔκτισαν·
801 212 894 265 οὐκ
928 212 1013 266 ἐπὶ
1048 210 1211 286 τούτῳ
1249 212 1511 276 πλέοντες,
1550 215 1691 269 ἀλλὰ

53 290 411 347 Ζακυνθίους
431 287 724 356 ἐξελοῦντες
745 292 800 344 ἐκ
819 292 909 357 τῆς
929 289 1109 358 νήσου.
1153 292 1352 359 ἔμειναν
1372 291 1415 346 δ’
1438 293 1493 347 ἐν
1511 291 1685 361 ταύτῃ,
1704 313 1731 354 2

57 371 178 423 καὶ
223 369 596 436 εὐδαιμόνησαν
636 367 711 421 ἐπ’
754 370 868 421 ἔτεα
909 370 1077 431 πέντε·
1122 369 1257 423 ὥστε
1300 371 1364 423 τὰ
1406 372 1489 441 ἱρὰ
1529 372 1594 424 τὰ
1635 372 1692 425 ἐν

57 446 339 513 Κυδωνίῃ
367 447 514 500 ἐόντα
539 450 627 500 νῦν
652 446 796 499 οὗτοί
823 446 926 499 εἶσι
953 447 1003 499 οἱ
1027 445 1349 515 ποιήσαντες,
1380 449 1461 501 καὶ
1486 450 1577 502 τὸν
1601 466 1692 517 της
1898 492 1900 495 <

65 521 354 591 Δικτύνης
381 527 515 591 νηόν.
560 524 688 597 ἕκτῳ
716 526 771 578 δὲ
799 526 901 577 ἔτεϊ
933 524 1195 595 Αἰγινῆται
1230 524 1413 581 αὐτοὺς
1438 528 1687 596 ναυμαχίῃ
1705 548 1731 589 3
1900 501 1904 585 Ιι

65 602 403 671 νικήσαντες
427 600 866 674 ἠνδραποδίσαντο
890 604 1019 670 μετὰ
1056 608 1283 674 Κρητῶν·
1327 605 1408 657 καὶ
1433 610 1535 658 τῶν
1561 610 1691 671 νηῶν
1904 601 1908 661 ¹.

72 682 350 751 καπρίους
384 681 645 750 ἐχουσέων
670 681 761 736 τὰς
794 682 999 752 πρώρας
1034 678 1436 752 ἠκρωτηρίασαν,
1465 683 1547 735 καὶ
1573 682 1686 736 άνέ-

75 761 266 813 θεσαν
304 760 358 814 ἐς
394 761 456 812 τὸ
492 760 601 829 ἱρὸν
635 762 724 828 τῆς
758 756 1024 827 Ἀθηναίης
1059 761 1113 813 ἐν
1147 760 1347 828 Αἶγίνῃ.
1428 764 1596 814 Ταῦτα
1632 762 1733 822 δὲῃ

78 837 356 904 ἐποίησαν
382 838 592 908 ἔγκοτον
617 839 822 906 ἔχοντες
856 838 1095 905 Σαμίοισι
1121 838 1403 909 Αῖγινῆται.
1446 842 1688 910 πρότεροι

80 917 200 987 γὰρ
247 915 445 984 Σάμιοι,
485 914 562 969 ἐπ’
597 915 973 985 Ἀμφικράτεος
1012 914 1386 981 βασιλείων-τος
1422 918 1476 971 ἐν
1517 918 1685 989 Σάμῳ,

86 994 545 1063 στρατευσάμενοι
597 992 676 1047 ἐπ’
729 991 954 1064 Αἴγιναν,
1003 996 1204 1065 μεγάλα
1264 995 1391 1048 κακὰ
1442 995 1691 1062 ἐποίησαν

91 1069 396 1141 Αἶγινήτας,
426 1073 508 1125 καὶ
532 1072 723 1126 ἔπαθον
747 1070 832 1126 ὑπ’
859 1072 1079 1127 ἐκείνων.
1123 1072 1154 1140 ἦ
1180 1074 1273 1142 μὲν
1298 1073 1431 1142 αῖτίη
1460 1070 1603 1140 αὕτη.

189 1146 442 1215 Ἐμήκυνα
488 1149 544 1200 δὲ
589 1144 706 1215 περὶ
759 1144 956 1213 Σαμίων
1005 1148 1225 1215 μᾶλλον,
1281 1146 1360 1203 ὅτι
1413 1154 1518 1222 σφι
1570 1156 1685 1228 τρία
1709 1158 1785 1211 60

96 1224 224 1277 ἐστὶ
263 1224 485 1294 μέγιστα
524 1225 758 1277 ἁπάντων
793 1220 1061 1290 Ἑλλήνων
1101 1223 1468 1295 ἐξεργασμένα.
1512 1230 1691 1294 οὕρεός

101 1324 162 1355 τε
203 1302 419 1372 ὑψηλοῦ
460 1303 512 1356 ἐς
550 1299 860 1369 πεντήκοντα
899 1302 981 1355 καὶ
1021 1303 1199 1355 ἑκατὸν
1237 1302 1463 1372 ὀργυιὰς,
1505 1299 1691 1355 τούτου

104 1380 329 1452 ὄρυγμα,
361 1377 582 1434 κάτωθεν
607 1380 904 1451 ἀρξάμενον,
934 1379 1287 1448 ἀμφίστομον.
1330 1380 1389 1432 τὸ
1415 1380 1508 1447 μὲν
1532 1380 1734 1447 μῆκος2

106 1461 202 1512 τοῦ
229 1455 532 1529 ὀρύγματος,
555 1459 683 1512 ἑπτὰ
711 1458 914 1511 στάδιοί
939 1458 1063 1511 εἶσι·
1106 1458 1165 1510 τὸ
1186 1456 1242 1509 δὲ
1262 1453 1403 1526 ὕψος
1422 1456 1503 1509 καὶ
1524 1455 1687 1526 εὖρος,

111 1537 247 1590 ὀκτὼ
273 1538 506 1607 ἑκάτερον
529 1538 702 1591 πόδες.
746 1536 830 1590 διὰ
854 1537 1043 1591 παντὸς
1069 1535 1125 1588 δὲ
1150 1534 1306 1588 αὐτοῦ
1332 1534 1467 1587 ἄλλο
1494 1533 1692 1605 ὄρυγμα
1708 1554 1733 1593 3

114 1615 418 1684 εἰκοσίπηχυ
441 1615 604 1679 βάθος
629 1616 926 1687 ὀρώρυκται,
945 1613 1157 1683 τρίπουν
1184 1612 1239 1666 δὲ
1266 1613 1325 1665 τὸ
1353 1611 1515 1683 εὖρος,
1538 1612 1601 1665 δι’
1631 1613 1693 1665 οὗ

116 1695 176 1746 τὸ
203 1690 355 1764 ὕδωρ,
383 1694 744 1762 ὀχετευόμενον
769 1694 852 1746 διὰ
881 1690 1149 1759 σωλήνων,
1166 1690 1495 1761 παραγίνεται
1523 1690 1576 1746 ἐς
1602 1690 1693 1757 τὴν

119 1774 287 1831 πόλιν,
308 1771 553 1843 ἀγόμενον
577 1772 678 1826 άπὸ
704 1773 931 1842 μεγάλης
955 1772 1139 1841 πηγῆς.
1182 1768 1491 1839 ἀρχιτέκτων
1516 1770 1573 1822 δὲ
1600 1771 1691 1821 τοῦ
1710 1786 1735 1825 4

123 1848 398 1919 ὀρύγματος
437 1847 620 1902 τούτου
660 1850 859 1920 ἐγένετο
901 1847 1166 1920 Μεγαρεὺς
1212 1848 1500 1902 Εὐπαλῖνος
1551 1854 1690 1900 Ναυ-

127 1928 373 1997 στρόφου.
416 1932 568 1981 τοΰτο
603 1928 696 1996 μὲν
731 1928 792 1995 δὴ
832 1926 884 1981 ἓν
918 1932 1021 1980 τῶν
1044 1932 1199 1997 τριῶν
1223 1924 1359 1979 ἐστι’.
1442 1923 1737 1997 Δεύτερονσ

128 2007 200 2066 δὲ,
234 2007 346 2075 περὶ
379 2006 559 2075 λιμένα
594 2011 746 2075 χῶμα
779 2006 834 2060 ἐν
869 2005 1135 2073 θαλάσσῃ,
1171 2004 1335 2069 βάθος
1369 2006 1495 2057 κατὰ
1531 2002 1696 2057 εἴκοσι

130 2083 376 2154 ὀργυιέων·
418 2086 576 2152 μῆκος
617 2085 673 2137 δὲ
713 2087 804 2137 τοῦ
842 2085 1098 2153 χώματος,
1135 2083 1286 2151 μέζον
1320 2081 1413 2136 δύο
1450 2084 1690 2136 σταδίων.

132 2161 305 2232 Τρίτον
328 2161 385 2215 δέ
418 2164 522 2231 σφι
559 2162 884 2233 ἐξέργασται,
913 2163 1031 2229 νηὸς
1063 2160 1309 2231 μέγιστος
1339 2162 1541 2214 πάντων
1566 2165 1737 2225 νηῶνσ

135 2246 230 2293 τῶν
251 2238 384 2307 ἡμεῖς
406 2237 567 2308 ἴδμεν·
612 2244 704 2294 τοῦ
729 2240 1041 2311 ἀρχιτέκτων
1058 2244 1259 2309 πρῶτος
1280 2238 1478 2307 ἐγένετο
1502 2236 1697 2291 Ῥοῖκος

139 2318 292 2370 Φίλεω
342 2318 630 2389 ἐπιχώριος.
732 2317 938 2371 Τούτων
988 2315 1173 2371 εἵνεκεν
1222 2318 1427 2383 μᾶλλόν
1477 2336 1527 2367 τι
1577 2315 1697 2384 περὶ

142 2395 322 2463 Σαμίων
345 2394 577 2465 ἐμήκυνα.

221 2471 458 2541 Καμβύσῃ
499 2474 554 2527 δέ
594 2476 666 2546 τῷ
706 2472 893 2543 Κύρου,
934 2473 1221 2545 χρονίζοντι
1272 2475 1390 2545 περὶ
1436 2473 1693 2547 Α’ίγυπτον
1710 2474 1782 2529 61

153 2553 222 2605 καὶ
260 2552 722 2625 παραφρονήσαντι,
761 2552 1115 2615 ἐπανιστέαται
1148 2554 1327 2624 ἄνδρες
1370 2556 1559 2628 Μάγοι,
1600 2554 1693 2609 δύο

1622 2790 1755 2804 ---——
