1975 2892
241 86 356 143 242
806 74 1213 127 ΗΡοΔοΤογ

1584 121 1655 168 [A.
1672 120 1719 159 c.
1740 118 1847 158 525.

203 227 232 268 ς
245 208 312 261 ἂν
335 202 495 278 ἱροῖσί
519 223 575 254 τε
601 199 684 253 καὶ
703 194 962 265 νομαίοισι
977 188 1284 257 ἑπεπείρησε
1313 181 1613 253 καταγελᾶν.
1662 179 1709 228 εἰ
1736 177 1855 245 γάρ

246 308 324 341 τις
359 279 570 353 προθείη
603 280 736 332 πᾶσι
772 273 1091 343 ἀνθρώποισι
1132 260 1440 329 ἐκλέξασθαι
1480 253 1710 312 κελεύων
1754 255 1853 305 νό-

245 384 372 433 μους
397 359 516 413 τοὺς
547 355 858 410 καλλίστους
885 351 940 403 ἐκ
965 354 1067 402 τῶν
1096 345 1301 399 πάντων
1327 341 1508 407 νόμων,
1538 332 1856 401 διασκεψά-

247 460 390 511 μενοι
415 438 478 492 ἂν
505 436 709 491 ἑλοίατο
745 430 954 485 ἕκαστοι
979 424 1099 480 τοὺς
1138 424 1354 475 ἑωυτῶν·
1399 412 1531 468 οὕτω
1569 412 1863 479 νομίζουσι

249 516 388 574 πολῦ
414 538 464 570 τι
500 515 814 569 καλλίστους
847 506 966 561 τοὺς
992 506 1192 557 ἑωυτῶν
1224 500 1406 565 νόμους
1442 493 1653 546 ἔκαστοι
1692 484 1857 541 εἶναι.

209 612 236 652 ⁸
254 601 416 651 οὔκων
442 596 580 649 οἶκός
605 592 720 645 ε’στι
739 588 904 641 ἄλλον
917 606 980 656 γε
1007 582 1068 649 δὴ
1090 578 1119 647 ἢ
1138 580 1435 645 μαινόμενον
1462 570 1621 640 ἄνδρα
1633 568 1865 638 γέλωτα

209 690 238 729 «ι
254 677 318 729 τὰ
357 676 565 728 τοιαῦτα
603 666 856 723 τίθεσθαι.
897 662 989 717 Ὧς
1016 660 1073 713 δὲ
1106 654 1239 711 οὕτω
1280 650 1569 719 νενομίκασι
1610 647 1679 699 τὰ
1728 644 1859 715 περὶ

253 754 375 809 τοὺς
409 754 592 815 νόμους
624 747 808 801 πάντες
846 743 896 795 οἱ
935 738 1213 809 ἅνθρωποι,
1248 727 1503 787 πολλοῖσί
1535 748 1595 779 τε
1630 724 1722 776 καὶ
1756 723 1859 775 ἅλ-

254 834 402 883 λοισι
428 824 746 895 τεκμηρίοισι
783 822 1005 890 πάρεστι
1042 808 1471 881 σταθμώσασθαι,
1501 805 1553 859 ἐν
1588 803 1645 857 δὲ
1676 801 1745 869 δὴ
1775 802 1863 853 καὶ

215 922 242 963 ⁶
259 909 405 981 τῷδε.
449 906 661 974 Δαρεῖος
689 900 772 955 ἐπὶ
807 900 898 965 τῆς
925 897 1117 949 ἑωυτοῦ
1144 892 1306 962 ἀρχῆς
1333 885 1553 939 καλέσας
1579 879 1862 948 Ἑλλήνων

257 985 378 1040 τοὺς
402 983 700 1053 παρεόντας,
720 976 884 1049 εἴρετο
913 979 950 1001 “
970 974 1056 1028 ἐπὶ
1072 972 1211 1042 κόσῳ
1240 968 1301 1021 ἂν
1321 962 1543 1036 χρήματι
1562 959 1861 1025 βουλοίατο

259 1063 380 1118 τοὺς
404 1060 625 1131 πατέρας
659 1053 1076 1124 ἀποθνήσκοντας
1115 1036 1563 1101 κατασιτέεσθαι.”
1608 1040 1657 1092 οἱ
1688 1038 1753 1091 δὲ
1783 1034 1863 1089 ἐπ’

219 1148 246 1189 0
264 1142 430 1195 οὐδενὶ
455 1140 662 1209 ἔφασαν
693 1134 856 1207 ἕρδειν
881 1132 944 1185 ἂν
973 1132 1147 1183 τοῦτο.
1192 1124 1405 1194 Δαρεῖος
1442 1120 1497 1173 δὲ
1532 1118 1663 1187 μετὰ
1697 1118 1865 1168 ταῦτα

265 1218 489 1274 καλέσας
523 1216 697 1269 Ἰνδῶν
735 1212 856 1267 τοὺς
895 1205 1233 1276 καλεομένους
1274 1197 1585 1258 Καλλατίας,
1631 1190 1683 1248 οἳ
1740 1194 1865 1247 τοὺς

264 1298 446 1373 γονέας
485 1292 835 1352 κατεσθίουσι,
877 1285 1061 1359 εἴρετο,
1101 1283 1393 1353 παρεόντων
1443 1280 1545 1329 τῶν
1587 1270 1865 1339 Ἑλλήνων

270 1379 354 1432 καὶ
390 1374 454 1430 δι’
493 1370 730 1447 ἑρμηνέος
774 1366 1126 1437 μανθανόντων
1160 1361 1225 1414 τὰ
1268 1358 1538 1428 λεγόμενα,
1580 1356 1617 1378 “
1640 1351 1728 1405 ἐπὶ
1766 1350 1865 1403 τίνι

269 1454 492 1527 χρήματι
532 1447 749 1517 δεξαίατ’
791 1447 854 1500 ἂν
887 1440 1245 1497 τελευτέοντας
1283 1435 1405 1489 τοὺς
1441 1430 1665 1501 πατέρας
1705 1450 1857 1481 κατα-

225 1550 251 1595 ?
274 1534 430 1587 καίειν
467 1524 650 1602 πυρί.”
709 1528 758 1579 ol
796 1525 871 1585 δὲ,
909 1522 1246 1589 ἀμβώσαντες
1276 1514 1425 1584 μέγα,
1460 1508 1740 1579 εὐφημέειν
1780 1526 1861 1574 μιν

226 1630 252 1670 8
275 1612 528 1665 ἐκέλευον.
573 1603 720 1661 Οὕτω
755 1602 848 1672 μέν
883 1621 970 1655 νυν
1006 1601 1164 1651 ταῦτα
1204 1596 1514 1659 νενόμισται·
1570 1588 1655 1639 καὶ
1698 1584 1863 1655 ὀρθῶς

273 1710 362 1760 μοι
407 1688 572 1742 δοκέει
616 1684 870 1752 Πίνδαρος
911 1679 1144 1745 ποιῆσαι,
1195 1674 1349 1741 νόμον
1388 1670 1592 1723 πάντων
1632 1663 1861 1731 βασιλέα

275 1766 456 1835 φήσας
481 1761 625 1819 εἶναι.
1227 1798 1231 1803 .

179 1844 258 1901 39
368 1839 662 1907 Καμβύσεω
702 1835 757 1890 δὲ
799 1830 875 1887 ἔπ’
919 1828 1179 1901 Αἴγυπτον
1219 1823 1643 1897 στρατευομένου,
1688 1821 1858 1889 ἐποιή-

141 1926 231 2009 ἓῇἓ·
279 1937 437 1969 σαντο
485 1914 566 1967 καὶ
607 1913 988 1981 Λακεδαιμόνιοι
1030 1902 1309 1980 στρατηΐην
1349 1906 1434 1960 ἐπὶ
1474 1906 1643 1973 Σάμον
1683 1924 1741 1955 τε
1780 1912 1861 1955 καὶ

227 1994 262 2057 '2
278 1994 612 2064 Πολυκράτεα
635 1993 725 2044 τὸν
751 1990 978 2055 Αἶάκεος,
1008 1984 1065 2045 ὃς
1090 1989 1219 2056 ἔσχε
1246 1986 1414 2053 Σάμον
1440 1984 1749 2037 ἐπαναστάς·
1782 1981 1861 2033 καὶ

276 2073 342 2127 τὰ
375 2072 468 2142 μὲν
500 2075 680 2142 πρῶτα
709 2071 860 2139 τριχῆ
889 2068 1177 2135 δασάμενος
1211 2063 1303 2131 τὴν
1326 2066 1499 2127 πόλιν,
1528 2062 1669 2113 τοῖσι
1706 2060 1859 2113 ἀδελ·

278 2153 459 2223 φεοῖσι
505 2148 858 2219 Πανταγνώτῳ
905 2147 987 2200 καὶ
1030 2146 1328 2197 Συλοσῶντι
1368 2143 1547 2208 ἔνειμε·
1610 2139 1742 2207 μετὰ
1788 2139 1857 2199 δὲ,

278 2232 368 2283 τὸν
393 2230 486 2298 μὲν
519 2228 684 2281 αὐτῶν
717 2224 1033 2284 ἀποκτείνας,
1062 2224 1153 2275 τὸν
1192 2221 1247 2275 δὲ
1283 2221 1526 2289 νεώτερον
1551 2219 1861 2269 Συλοσῶντα
1960 2210 1962 2221 ‘

279 2307 550 2372 ἐξελάσας,
591 2307 722 2374 ἔσχε
754 2306 929 2357 πᾶσαν
967 2302 1059 2369 τὴν
1096 2300 1279 2368 Σάμον·
1330 2296 1499 2366 ἴσχων
1529 2296 1604 2356 δὲ,
1643 2290 1859 2361 ξεινηΐην
1961 2234 1962 2323 γ

279 2381 469 2448 Ἀμάσι
503 2385 576 2455 τῷ
609 2379 870 2451 Αῖγῦπτου
912 2378 1139 2443 βασιλέϊ
1184 2374 1514 2443 συνεθήκατο,
1546 2374 1764 2440 πέμπων
1806 2393 1859 2423 τε

237 2464 266 2503 ⁸
281 2456 434 2547 ᾃῶρα,
469 2461 552 2511 καὶ
587 2459 851 2526 δεκόμενος
889 2456 1030 2509 ἄλλα
1063 2454 1183 2525 παρ’
1221 2454 1432 2507 ἐκείνου.
1474 2452 1562 2505 Ἐν
1593 2452 1765 2520 χρόνω
1806 2450 1859 2501 δὲ

281 2530 442 2603 θλιγῳ
477 2534 654 2586 αὐτίκα
689 2537 781 2587 τοῦ
827 2535 1191 2607 Πολυκράτεος
1228 2533 1295 2585 τὰ
1344 2528 1617 2603 πρήγματα
1656 2502 1855 2593 αὔξετο,
1961 2554 1962 2629 1
