1975 2892
217 32 336 90 216
794 45 1205 92 ΗΡοΔοΤοΥ

1443 101 1513 150 [A.
1527 100 1574 138 c.
1593 97 1820 140 εις-526.

218 156 441 227 πηχέων·
477 158 537 210 τὸ
564 157 619 211 δέ
648 154 803 227 ὕψος,
832 157 985 212 πέντε
1007 157 1216 226 πηχέων
1241 156 1372 212 ἐστί.
1416 157 1541 225 αὕτη
1569 162 1662 211 τοῦ
1693 159 1814 228 ἱροῦ

176 255 202 296 ο
223 235 385 290 κέεται
409 235 547 306 παρὰ
572 235 664 303 τὴν
690 237 895 290 ἔσοδον.
950 237 1056 288 ἔσω
1091 237 1192 306 γάρ
1227 259 1314 304 μιν
1349 236 1401 290 ἐς
1435 237 1494 289 τὸ
1523 238 1634 306 ἱρόν
1661 237 1810 304 φασι

220 312 366 368 τῶνδ’
411 310 573 368 εἵνεκα
617 314 710 368 οὐκ
756 311 1055 368 ἐσελκύσαι·
1115 316 1206 367 τὸν
1250 313 1581 384 ἀρχιτέκτονα
1625 315 1806 382 αὐτῆς,

223 391 494 461 ἑλκομένης
520 394 610 460 τῆς
637 392 842 462 στέγης,
870 392 1224 458 ἀναστενάξω,
1253 387 1337 446 οἷά
1362 415 1418 445 τε
1443 395 1636 461 χρόνον
1663 393 1814 463 ἐκγε-

222 472 437 543 γονότος
460 473 684 532 πολλοῦ,
702 470 1078 540 καταχθόμενον
1103 474 1174 543 τῷ
1201 472 1352 544 ἔργῳ·
1389 473 1478 523 τὸν
1505 472 1560 524 δὲ
1576 468 1820 538 Ἀμασιν

228 548 533 618 ἐνθυμιστὸν
556 550 917 618 ποιησάμενον,
946 549 1038 601 οὐκ
1076 549 1163 602 ἐᾶν
1193 549 1268 601 ἔτι
1305 549 1619 619 προσωτέρω
1657 548 1816 602 ἐλκύ-

182 635 209 680 Ὶ
232 649 339 682 σαι.
398 629 491 696 ἤδη
528 627 587 681 δέ
620 649 751 682 τινες
785 627 1023 698 λέγουσι,
1053 627 1121 681 ὣς
1151 626 1416 698 ἅνθρωπος
1441 627 1695 697 διεφθάρη
1727 626 1818 682 ὑπ’

230 706 383 773 αὖτῆς
417 711 517 758 τῶν
543 727 621 762 τις
656 704 811 772 αὐτὴν
835 707 1215 774 μοχλευόντων,
1244 707 1326 758 καὶ
1361 706 1462 760 ἀπὸ
1497 704 1684 758 τοῦτου
1721 705 1822 759 οὒκ

100 782 209 843 176
233 782 625 852 ἐσελκυσθῆναι.
862 781 1104 850 Ἀνέθηκε
1139 783 1196 836 δέ
1231 785 1314 836 καὶ
1349 784 1404 837 ἐν
1429 787 1568 838 τοῖσι
1593 784 1822 838 ἄλλοισι

234 862 393 931 ἱροῖσι
420 864 449 914 6
464 858 693 928 *Αμασις
722 863 851 919 πᾶσι
875 864 1020 915 τοῖσι
1053 861 1390 930 ἐλλογίμοισι
1415 863 1542 933 ἔργα
1566 863 1628 915 τὸ
1653 862 1820 933 μέγα-

235 938 325 994 θος
349 937 639 1007 ἀξιοθέητα·
673 940 728 994 ἐν
754 941 829 1006 δὲ,
852 941 934 994 καὶ
959 940 1016 994 ἐν
1036 938 1238 1009 Μέμφι,
1267 942 1356 994 τὸν
1381 936 1562 994 ὕπτιον
1587 940 1824 1008 κείμενον

237 1019 518 1079 κολοσσὸν,
547 1023 639 1074 τοῦ
664 1017 1012 1089 ’Ἡφαιστείου
1039 1017 1319 1089 ἔμπροσθε·
1365 1022 1457 1071 τοῦ
1483 1019 1639 1072 πόδες
1665 1018 1824 1072 πέντε

191 1109 217 1149 8
238 1095 319 1148 καὶ
346 1093 694 1163 ἑβδομήκοντά
721 1097 825 1154 εἶσι
850 1099 909 1151 τὸ
943 1100 1122 1167 μῆκος.
1179 1097 1264 1150 ἐπὶ
1295 1097 1350 1151 δέ
1377 1101 1449 1169 τῷ
1473 1096 1608 1168 αὐτῷ
1635 1096 1825 1170 βάθρῳ

240 1175 445 1234 ἑστᾶσι,
475 1173 773 1229 Αἰθιοπικοῦ
800 1176 971 1231 ἐόντος
997 1174 1170 1236 λίθου,
1199 1172 1291 1228 δύο
1318 1174 1594 1235 κολοσσοὶ,
1627 1174 1826 1228 ἐείκοσι

239 1252 411 1306 ποδῶν
436 1254 495 1306 τὸ
522 1252 743 1322 μέγαθος
767 1253 865 1308 ἐὸν
891 1255 1145 1325 ἑκάτερος·
1185 1256 1214 1308 6
1239 1253 1332 1321 μὲν
1357 1253 1517 1313 ἔνθεν,
1547 1255 1578 1306 6
1605 1252 1650 1306 δ’
1679 1253 1827 1306 ἔνθεν

196 1344 221 1384 8
243 1333 335 1384 τοῦ
368 1332 611 1402 μεγάρου.
667 1333 782 1386 ἔστι
822 1333 877 1386 δέ
911 1332 1110 1387 λίθινος
1144 1330 1316 1403 ἔτερος
1353 1334 1604 1388 τοσοῦτος
1646 1331 1726 1384 καὶ
1767 1330 1827 1384 ἐν

246 1410 353 1470 Σάῖ,
384 1408 607 1478 κείμενος
642 1411 768 1464 κατὰ
802 1412 891 1465 τὸν
915 1411 1069 1464 αὐτὸν
1094 1412 1284 1479 τρόπον
1310 1409 1382 1483 τῷ
1415 1406 1471 1462 ἐν
1497 1409 1702 1479 Μέμφι.
1758 1413 1824 1478 τῇ

230 1479 347 1540 Ἴσι
371 1509 430 1541 τε
455 1488 515 1541 τὸ
540 1486 596 1542 ἐν
613 1488 797 1559 Μέμφι
824 1491 933 1560 ἱρὸν
946 1487 1176 1556 Ἀμασίς
1201 1487 1318 1541 ἐστι
1345 1491 1374 1541 6
1400 1486 1824 1556 ἐξοικοδομήσας,

248 1567 332 1618 ἐὸν
355 1565 487 1637 μέγα
512 1588 569 1621 τε
596 1568 677 1620 καὶ
703 1568 1140 1635 ἀξιοθεητότατον.

112 1631 222 1692 177
331 1643 446 1698 Ἐπ’
492 1645 739 1714 Ἀμάσιος
784 1643 839 1698 δὲ
884 1641 1134 1707 βασιλέας
1173 1640 1377 1712 λέγεται
1423 1641 1684 1714 Αἴγυπτος
1727 1647 1824 1713 μά-

253 1725 412 1778 λιστα
447 1725 507 1792 δὴ
541 1726 657 1779 τότε
692 1723 1068 1790 εὐδαιμονῆσαι,
1103 1722 1186 1776 καὶ
1223 1722 1286 1774 τὰ
1321 1721 1421 1774 ἀπὸ
1460 1726 1554 1774 τοῦ
1588 1728 1823 1790 ποταμοῦ

250 1799 309 1862 τῇ
336 1797 479 1866 χώρῃ
506 1800 759 1867 γινόμενα,
788 1799 869 1851 καὶ
904 1798 968 1850 τὰ
1004 1798 1106 1852 ἀπὸ
1141 1799 1232 1864 τῆς
1264 1799 1435 1868 χώρης
1460 1799 1602 1849 τοῖσι
1627 1797 1824 1867 ἀνθρώ-

203 1884 227 1922 2
252 1894 416 1925 ποισι.
474 1876 555 1928 καὶ
596 1879 749 1931 πόλις
789 1873 849 1930 ἐν
888 1874 1015 1943 αὐτῇ
1057 1873 1297 1946 γενέσθαι
1338 1877 1430 1930 τὰς
1471 1876 1678 1930 ἁπάσας
1713 1878 1828 1928 τότε

252 1951 521 2021 δισμυρίας
556 1954 647 2008 τὰς
682 1953 986 2023 οἰκεομένας.
1044 1956 1197 2021 νόμον
1232 1953 1287 2006 δὲ
1315 1953 1646 2024 Αἰγυπτίοισι
1683 1954 1828 2006 τόνδε

237 2024 466 2097 ’Ἂμασίς
492 2028 608 2084 ἐστι
634 2035 663 2085 6
689 2029 1033 2100 καταστήσας·
1070 2029 1418 2085 ἀποδεικνύναι
1443 2032 1583 2086 ἔτεος
1609 2032 1827 2084 ἑκάστου

252 2111 324 2180 τῷ
360 2109 587 2178 νομάρχῃ
621 2112 785 2164 πάντα
820 2111 930 2166 τινὰ
956 2109 1264 2180 Αἰγυπτίων,
1294 2108 1412 2163 ὅθεν
1435 2113 1660 2174 βιοῦται·
1705 2109 1826 2176 μηδὲ

252 2190 491 2241 ποιεῦντα
525 2191 698 2248 ταῦτα,
726 2190 852 2256 μηδὲ
888 2188 1241 2258 ἀποφαίνοντα
1277 2188 1469 2254 δικαίην
1497 2189 1632 2254 ζόην,
1664 2185 1824 2240 lofin«-

199 2283 225 2320 ε
256 2261 377 2315 σθαι
405 2264 619 2336 θανάτῳ.
668 2269 845 2318 Σόλων
871 2267 926 2319 δὲ
954 2269 983 2319 6
1001 2265 1262 2333 Ἀθηναῖος
1285 2265 1464 2330 λαβὼν
1490 2265 1550 2331 ἐξ
1567 2264 1826 2336 Αἰγύπτου

254 2341 436 2390 τοῦτον
460 2341 549 2392 τὸν
574 2343 745 2409 νόμον,
773 2341 1090 2410 Ἀθηναίοισι
1127 2342 1290 2396 ἔθετο·
1336 2345 1408 2414 τῷ
1443 2342 1624 2396 ἐκεῖνοι
1651 2342 1707 2399 ἐς
1733 2343 1828 2397 αἰεὶ

113 2407 225 2461 178
254 2411 515 2476 χρέωνται,
545 2415 679 2469 ἐόντι
704 2419 894 2491 ἀμώμῳ
922 2423 1078 2492 νόμῳ.
1307 2422 1574 2486 Φιλέλλην
1602 2421 1658 2473 δέ
1683 2423 1824 2492 γενό-

251 2498 400 2542 {¹⁴⁹⁰ss
443 2492 473 2537 ὁ
505 2487 750 2556 Ἄμασις,
791 2496 931 2550 ἄλλα
976 2519 1034 2551 τε
1079 2497 1133 2554 ἐς
1170 2497 1435 2566 Ἑλλήνων
1473 2498 1826 2568 μετεξετέρους
