1975 2892
273 116 388 172 384
864 131 1267 176 ΗΡοΔοΤοΥ

1561 178 1635 227 [A.
1652 178 1702 217 c.
1720 189 1767 217 ο.
1800 179 1909 218 506.

219 251 246 292 4
272 237 728 308 διαπαρθενεύεται.
789 240 1079 312 παρήκουσι
1118 243 1173 296 δὲ
1213 241 1355 296 οὗτοι
1394 242 1445 294 οί
1483 240 1913 310 Ἀδυρμαχίδαι

269 315 355 369 ἀπ’
387 315 648 384 Αἰγύπτου
681 320 835 388 μέχρι
870 321 1093 388 λιμένος,
1131 322 1203 390 τῷ
1242 323 1430 386 οὔνομα
1472 321 1687 373 Πλυνός
1729 320 1911 372 ἐστι.

133 393 246 449 169
269 398 472 452 Τούτων
521 398 576 450 δὲ
631 398 835 464 ἔχονται
891 399 1217 465 Γιλιγάμμαι,
1271 398 1534 464 νεμόμενοι
1586 397 1684 463 τὴν
1743 401 1913 468 πρὸς

221 484 247 526 2
271 472 493 538 ἑσπέρην
507 473 696 540 χώρην,
715 471 866 541 μέχρι
884 470 1289 542 Ἀφροδισιάδος
1308 470 1485 538 νήσου.
1518 471 1571 522 ἐν
1588 471 1649 524 δὲ
1669 476 1751 544 τῷ
1790 496 1905 541 με.

269 549 396 616 ταξύ
411 547 595 602 τούτου
611 551 764 622 χώρῳ
782 549 816 616 ἥ
829 571 885 602 τε
911 550 1124 602 Πλατέα
1141 550 1299 616 νῆσος
1319 548 1585 611 ἐπικέεται,
1608 550 1713 617 τὴν
1732 553 1901 603 ἔκτι-

270 648 370 680 σαν
387 629 672 698 Κυρηναῖοι·
699 629 780 680 καὶ
795 627 925 694 ε’ντῇ
941 624 1133 700 ἧπείρφ
1150 629 1433 682 Μενελάῖος
1444 624 1601 694 λιμήν
1621 628 1773 690 ἐστι,
1803 632 1901 683 καὶ
1952 624 1958 639 “

258 703 474 775 Ἄζιρις,
497 705 588 774 τὴν
613 707 662 758 οἱ
692 707 961 774 Κυρηναῖοι
981 702 1165 759 οἴκεον·
1210 706 1292 758 καὶ
1313 707 1371 758 τὸ
1400 704 1624 773 σίλφιον
1646 706 1899 776 ἄρχεται

217 796 244 837 8
267 783 367 836 ἀπὸ
394 781 598 836 τούτου.
640 781 852 852 παρῆκει
887 783 943 836 δὲ
969 783 1072 836 ἀπὸ
1109 783 1346 849 Πλατέης
1382 781 1542 851 νῆα-ου
1576 783 1747 854 μέχρι
1779 789 1893 837 τοῦ
1952 764 1964 863 (

269 863 524 928 στόματος
548 863 635 929 τῆς
673 859 882 930 Σύρτιος
907 863 966 913 τὸ
994 861 1233 930 σίλφιον.
1277 864 1479 928 νόμοισι
1507 861 1563 913 δὲ
1597 862 1895 931 χρέωνται
1960 872 1966 881 “

131 936 240 998 170
267 936 406 991 οὗτοι
425 938 839 1008 παραπλησίοισι
858 941 999 991 τοῖσι
1026 939 1267 1008 ἑτέροισι.
1495 940 1895 1009 Γιλιγαμμέων

267 1016 321 1070 δέ
357 1017 561 1085 ἔχονται
586 1018 646 1071 τὸ
681 1018 810 1087 πρὸς
846 1017 1067 1086 ἑσπέρης
1091 1015 1404 1082 Ἀσβύσται.
1447 1014 1589 1069 οὗτοι
1627 1018 1695 1069 τὸ
1735 1018 1889 1088 ὑπὲρ

268 1093 494 1164 Κυρήνης
551 1093 797 1156 οἰκέουσι,
853 1093 937 1147 ἐπὶ
999 1093 1273 1148 θάλασσαν
1332 1094 1388 1148 δέ
1448 1093 1509 1146 οὐ
1570 1093 1889 1162 κατήκουσι

269 1168 575 1236 Ἀσβύσται·
620 1175 679 1224 τὸ
705 1173 804 1242 γὰρ
823 1172 962 1242 παρὰ
989 1171 1264 1226 θάλασσαν
1292 1173 1563 1243 Κυρηναῖοι
1590 1172 1876 1240 νέμονται.

213 1264 240 1305 2
264 1249 665 1320 τεθριπποβάται
711 1250 766 1302 δὲ
813 1249 905 1302 οὐκ
952 1249 1153 1317 ἥκιστα,
1192 1250 1331 1303 ἀλλὰ
1374 1251 1605 1318 μάλιστα
1643 1249 1879 1315 Λιβύων

264 1328 386 1382 εἶσί.
446 1330 626 1396 νόμους
665 1327 722 1381 δὲ
761 1327 880 1382 τοὺς
918 1331 1141 1384 πλεῦνας
1178 1328 1449 1397 μιμέεσθαι
1489 1327 1872 1394 ἐπιτηδεύουσι

131 1406 232 1468 [71
263 1406 381 1462 τοὺς
408 1405 715 1477 Κυρηναίων.
951 1405 1291 1470 Ἀσβυστέων
1318 1407 1373 1460 δὲ
1400 1408 1602 1475 ἔχονται
1630 1408 1699 1460 rb
1728 1410 1867 1478 πρὸς

263 1485 484 1555 ἑσπέρης
521 1485 800 1553 Αὐσχίσαι.
843 1483 986 1537 οὗτοι
1024 1485 1151 1555 ὑπὲρ
1186 1486 1381 1555 Βάρκης
1415 1483 1663 1544 οἰκέουσι,
1697 1485 1865 1553 κατ-ἦ-

213 1577 238 1617 2
262 1584 433 1618 κοντες
461 1564 543 1617 ἐπὶ
570 1562 846 1616 θάλασσαν
872 1561 976 1616 κατ’
1009 1563 1375 1634 Εὐεσπερίδας.
1448 1562 1771 1630 Αὐσχισέων
1801 1565 1865 1616 δέ

261 1642 387 1694 κατὰ
412 1642 575 1709 μέσον
601 1642 691 1709 τῆς
715 1642 886 1711 χώρης
915 1640 1143 1694 οἰκέουσι
1181 1642 1437 1704 Κάβαλες,
1467 1640 1651 1710 ὀλίγον
1680 1640 1861 1701 ἔθνος,

260 1717 556 1786 κατήκοντες
584 1719 667 1772 ἐπὶ
687 1718 962 1772 θάλασσαν
981 1719 1107 1771 κατὰ
1132 1717 1385 1789 Ταύχειρα
1408 1720 1563 1772 πόλιν
1588 1719 1683 1784 τῆς
1713 1727 1859 1789 Βαρ-

262 1798 420 1864 καίης·
465 1800 669 1866 νόμοισι
706 1797 760 1851 δὲ
797 1799 936 1850 τοῖσι
971 1797 1176 1849 αὐτοῖσι
1208 1796 1459 1867 χρέωνται
1495 1798 1637 1848 τοῖσι
1674 1797 1765 1856 καὶ
1802 1799 1859 1849 οἱ

128 1873 232 1935 172
259 1875 387 1946 ὑπὲρ
441 1873 685 1946 Κυρήνης.
925 1874 1235 1943 Αὐσχισέων
1284 1876 1341 1927 δὲ
1378 1871 1572 1927 τούτων
1611 1875 1673 1926 rb
1716 1877 1856 1945 πρὸς

259 1953 479 2023 ἑσπέρης
513 1955 716 2021 ἔχονται
758 1959 1089 2021 Νασαμῶνες,
1128 1952 1271 2007 ἔθνος
1306 1952 1391 2005 ἐὸν
1424 1954 1647 2006 πολλόν·
1696 1949 1749 2006 οἳ
1785 1955 1851 2006 rb
1967 1969 1970 1978 '

258 2031 406 2101 θέρος
432 2032 818 2087 καταλείποντες
845 2032 928 2084 ἐπὶ
962 2033 1025 2098 τῇ
1060 2030 1303 2098 θαλάσσῃ
1330 2030 1394 2082 τὰ
1428 2032 1684 2100 πρόβατα,
1716 2031 1845 2084 ἀνα·
1964 1979 1971 2117 ἱ

254 2109 498 2175 βαίνουσι
525 2109 577 2164 ἐς
611 2112 812 2181 Αὔγιλα
846 2114 1035 2179 χῶρον,
1066 2109 1397 2179 ὀπωριεῦντες
1422 2107 1541 2162 τοὺς
1576 2108 1840 2176 φοίνικας·

254 2190 304 2242 οἱ
341 2189 396 2241 δὲ
431 2189 624 2242 πολλοὶ
659 2189 742 2241 καὶ
776 2187 1106 2256 ἀμφιλαφέες
1140 2185 1422 2256 πεφύκασι,
1448 2186 1633 2241 πάντες
1670 2186 1845 2242 ἐόντες

201 2281 229 2322 2
255 2267 595 2334 καρποφόροι.
664 2265 782 2320 τούς
833 2266 890 2319 δὲ
942 2265 1252 2328 ἀττελέβους
1304 2264 1455 2318 ἐπεὰν
1514 2261 1835 2332 θηρεύσωσι,

249 2340 519 2407 αὐήναντες
555 2345 686 2412 πρὸς
722 2345 813 2395 τὸν
854 2343 1022 2409 ἥλιον,
1058 2343 1383 2402 καταλέουσι,
1418 2341 1501 2394 καὶ
1535 2341 1707 2395 ἔπειτα
1752 2343 1837 2397 ἐπὶ

198 2428 224 2467 8
249 2418 385 2486 γάλα
431 2419 825 2480 ἐπιπάσσοντες,
873 2420 1104 2473 πίνουσι.
1159 2423 1396 2490 γυναῖκας
1444 2419 1501 2473 δὲ
1548 2420 1832 2485 νομίζοντες

245 2493 450 2546 πολλὰς
475 2495 611 2560 ἔχειν
635 2494 869 2556 ἕκαστος,
899 2497 1155 2550 ἐπίκοινον
1184 2498 1375 2550 αὐτέων
1409 2496 1501 2564 τὴν
1534 2496 1676 2564 μίξιν
1712 2519 1822 2550 ποι-

243 2566 428 2616 εῦνται·
471 2571 644 2640 τρόπῳ
680 2574 1027 2645 παραπλησίῳ
1058 2578 1131 2647 τῷ
1166 2576 1249 2628 καὶ
1285 2574 1646 2644 Μασσαγέται,
1677 2573 1821 2632 ἐπεὰν

1952 2413 1966 2867 &ah—³
1956 2252 1968 2375 x*-
1960 2159 1968 2213 -.ῳ
