1975 2892
522 116 1062 164 nmmum—11.
1099 119 1268 179 77·82·
1582 108 1689 163 161

98 223 444 292 ὀνομάζοντες
478 223 729 276 ἀείδουσι.
774 224 911 277 ὥστε
945 225 1122 277 πολλὰ
1156 226 1249 294 μὲν
1285 226 1366 279 καὶ
1401 224 1539 278 ἄλλα
1566 225 1736 283 dno-a

99 302 398 370 θωυμάζειν
430 324 493 370 με
529 307 631 354 τῶν
665 303 783 372 περὶ
816 298 1078 373 Αἴγυπτον
1112 304 1313 368 ἐόντων,
1345 304 1398 357 ἐν
1433 304 1488 356 δὲ
1526 304 1587 371 δὴ
1617 304 1698 356 καὶ

98 383 199 434 τὸν
228 379 381 434 Λίνον
408 379 584 434 ὁκόθεν
610 382 827 444 ἔλαβον·
873 381 1142 449 φαίνονται
1168 381 1224 434 δὲ
1251 382 1331 434 ἀεί
1365 402 1480 434 κοτε
1515 385 1698 435 τοῦτον

100 459 383 514 ἀείδοντες.
467 460 582 512 ἔστι
634 459 690 512 δὲ
743 458 1056 530 Αἰγυπτιστὶ
1109 462 1137 512 ὁ
1195 458 1342 514 Λίνος
1394 459 1739 528 καλεύμενοςι

102 538 376 608 Μανέρως.
420 538 626 606 ἔφασαν
652 536 713 590 δέ
742 558 829 606 μιν
864 535 1134 608 Αἰγύπτιοι
1169 540 1261 589 τοῦ
1296 538 1501 607 πρώτου
1535 542 1692 602 βασι·
1711 553 1737 594 6

102 615 395 671 λεύσαντος
414 614 676 687 Αἰγύπτου
695 617 852 669 παῖδα
869 614 1178 687 μουνογενέα
1194 615 1455 686 γενέσθαι·
1500 616 1694 669 ἀποθα-

104 698 263 748 νόντα
289 694 333 746 δ’
357 694 509 748 αὐτὸν
535 693 747 766 ἄνωρον,
771 692 1006 765 θρήνοισι
1033 692 1266 748 τούτοισι
1293 693 1377 748 ὑπ’
1405 693 1698 766 Αἰγυπτίων

103 772 396 841 τιμηθῆναι·
454 773 535 826 καὶ
580 769 757 840 ἀοιδήν
801 794 857 825 τε
904 771 1089 840 ταύτην
1131 773 1338 843 πρώτην
1382 773 1464 825 καὶ
1507 771 1697 841 μούνην

106 852 280 921 σφίσι
318 851 579 922 γενέσθω.
792 851 1146 921 Συμφέρονται
1183 851 1238 904 δὲ
1276 851 1358 904 καὶ
1401 851 1520 905 τόδε
1559 852 1694 904 ἄλλο
1715 857 1794 910 80

104 928 384 1000 Αἰγύπτιοι
409 928 675 998 Ἑλλήνων
707 928 945 999 μούνοισι
978 929 1438 998 Λακεδαιμονίοισι.
1483 931 1532 983 οἱ
1570 931 1692 983 νεώ·
1715 946 1740 985 2

105 1029 251 1079 τεροι
271 1008 436 1061 αὐτῶν
450 1011 589 1061 τοῖσι
604 1008 1010 1080 πρεσβυτέροισι
1028 1009 1480 1079 συντυγχάνοντες,
1499 1005 1695 1061 ε’ίκουσι

105 1089 200 1154 τῆς
227 1087 351 1140 ὁδοῦ
377 1087 459 1139 καὶ
487 1087 836 1159 ἐκτράπονται·
880 1087 963 1140 καὶ
989 1085 1212 1146 ἐπιοῦσι,
1243 1087 1300 1154 ἐξ
1337 1086 1483 1158 ἕδρης
1515 1087 1692 1140 ὑπανι-

109 1165 343 1218 στέαται.
426 1166 552 1219 Τόδε
602 1166 776 1235 μέντοι
828 1165 1046 1218 ἄλλοισι
1096 1162 1362 1231 Ἑλλήνων
1422 1165 1694 1233 οὐδαμοῖσι
1713 1181 1740 1222 ⁸

111 1243 484 1315 συμφέρονται·
530 1243 641 1297 ἀντὶ
667 1247 759 1297 τοῦ
784 1241 1189 1316 προσαγορεύειν
1209 1241 1472 1312 ἀλλήλους
1492 1244 1546 1297 ἐν
1573 1244 1696 1311 τῇσι

109 1323 303 1385 ὁδοῖσι,
330 1323 710 1393 προσκυνέουσι
742 1323 992 1378 κατιέντες
1027 1322 1181 1393 μέχρι
1207 1325 1299 1375 τοῦ
1332 1320 1579 1393 γούνατος
1604 1322 1696 1388 τὴν

108 1401 281 1472 χεῖρα.
489 1399 819 1455 Ἐνδεδύκασι
862 1401 917 1454 δὲ
962 1401 1174 1455 κιθῶνας
1215 1400 1432 1462 λινέους,
1470 1399 1590 1469 περὶ
1632 1400 1696 1453 τὰ
1719 1394 1782 1449 83
1813 1453 1824 1461 ‚

112 1480 307 1533 σκέλεα
342 1479 683 1542 θυσανωτοὺς,
714 1478 803 1535 οὓς
838 1479 1086 1532 καλέουσι
1121 1477 1408 1548 καλασίρις·
1454 1477 1537 1530 ἐπὶ
1573 1475 1693 1530 τού-

107 1579 253 1612 τοισι
279 1559 333 1612 δὲ
362 1559 544 1630 εἰρίνεα
572 1555 747 1626 εἵματα
771 1558 930 1610 λευκὰ
950 1556 1305 1623 ἐπαναβληδὸν
1325 1555 1596 1625 φορέουσι.
1634 1557 1696 1608 οὐ
1717 1564 1742 1604 2

108 1639 285 1706 μέντοι
312 1637 364 1692 ἔς
388 1659 450 1708 γε
475 1637 539 1689 τὰ
567 1637 649 1708 ἱρὰ
676 1635 955 1706 ἐσφέρεται
982 1634 1185 1706 εἰρίνεα,
1215 1634 1333 1687 οὐδὲ
1371 1633 1692 1704 συγκαταθά-

109 1715 294 1770 πτεταί
324 1717 446 1786 σφι·
492 1715 552 1768 οὗ
576 1715 677 1786 γὰρ
705 1715 867 1768 ὅσιον.
916 1711 1262 1783 ὁμολογέουσι
1289 1712 1344 1766 δὲ
1372 1715 1530 1765 ταῦτα
1555 1715 1696 1766 τοῖσι
1715 1719 1739 1759 8

110 1794 413 1864 Ὀρφικοῖσι
438 1792 793 1861 καλεομένοισι
821 1793 903 1846 καὶ
929 1794 1248 1862 Βακχικοῖσι,
1279 1791 1425 1844 ἐοῦσι
1453 1791 1508 1844 δὲ
1536 1790 1691 1863 Αἴγυ-

110 1872 331 1934 πτίοισι,
354 1874 437 1926 καὶ
452 1871 871 1942 Πυθαγορείοισι.
915 1871 1034 1924 οὐδὲ
1052 1871 1153 1942 γὰρ
1173 1868 1367 1924 τούτων
1386 1875 1486 1924 τῶν
1505 1870 1694 1942 ὀργίων
1717 1876 1742 1917 4

112 1951 392 2020 μετέχοντα
410 1949 558 2004 ὅσιόν
578 1950 693 2004 ἐστι
710 1950 765 2003 ἐν
783 1949 1044 2021 εἰρινέοισι
1064 1947 1237 2017 εἵμασι
1257 1949 1533 2020 θαφθῆναι.
1577 1951 1694 2004 ἔστι

114 2031 175 2084 δὲ
197 2029 313 2099 περὶ
339 2030 503 2082 αὐτῶν
531 2030 637 2100 ἱρὸς
661 2030 821 2099 λόγος
843 2031 1139 2098 λεγόμενος.

214 2108 311 2160 Και
350 2108 470 2160 τάδε
510 2107 647 2160 ἄλλα
687 2104 1014 2176 Αἰγυπτίοισί
1053 2103 1166 2156 ἐστι
1206 2100 1528 2196 ἐξευρημένα·
1588 2101 1698 2170 μείς
1719 2100 1794 2152 82

115 2207 175 2240 τε
211 2185 291 2238 καὶ
325 2182 483 2253 ἡμέρη
522 2184 709 2248 ἑκάστη
748 2181 877 2234 θεῶν
915 2177 1034 2233 ὅτευ
1075 2178 1207 2232 ἐστί·
1254 2197 1336 2229 και
1375 2181 1436 2244 τῇ
1479 2176 1694 2230 ἕκαστος

117 2264 273 2334 ἡμέρῃ
291 2266 576 2334 γενόμενος,
600 2261 796 2314 ὁτέοισι
817 2255 1106 2330 ἐγκυρήσει,
1131 2256 1210 2309 καὶ
1233 2253 1359 2308 ὅκως
1379 2250 1694 2320 τελευτήσει,

118 2344 203 2397 καὶ
236 2343 402 2396 ὁκοῖός
435 2360 513 2394 τις
547 2341 713 2393 ἔσται.
757 2338 839 2391 καὶ
873 2334 1104 2389 τούτοισι
1140 2339 1241 2386 τῶν
1266 2329 1531 2398 Ἑλλήνων
1557 2332 1606 2383 οἶ
1643 2331 1742 2384 ε’ν2

118 2419 323 2520 ποιήσει
366 2421 627 2490 γενόμενοι
674 2414 983 2487 ἐχρήσαντο.
1068 2411 1262 2482 Τέρατά
1305 2431 1360 2461 τε
1405 2409 1548 2464 πλέω
1593 2411 1696 2478 σφι

121 2498 377 2569 ἀνεύρηται
407 2496 437 2566 ἣ
459 2498 599 2550 τοῖσι
625 2496 840 2548 ἄλλοισι
856 2494 1020 2546 ἅπασι
1047 2491 1382 2561 ἀνθρώποισι.
1424 2487 1698 2558 γενομένου
1715 2504 1739 2544 ο

121 2577 221 2650 γ’ἆρ
246 2577 469 2649 τέρατος,
500 2575 849 2645 φυλάσσουσι
882 2571 1202 2642 γραφόμενοι
1233 2566 1572 2630 τωποβαῖνον·
1617 2567 1698 2619 καὶ

181 2678 277 2712 τοι.
294 2680 333 2724 ι,
880 2662 931 2700 Μ
