1975 2892
459 107 1161 157 MEAHOMENH.——1v.
1194 117 1302 171 2-7.
1558 104 1675 158 309

49 171 142 209 01.
163 170 226 210 65.
247 169 308 219 4.]

56 220 225 276 αὖτις
253 222 354 275 ὑπὸ
383 221 588 289 Μήδων,
613 225 864 293 κατῆλθον
889 216 1063 299 τρόπῳ
1090 225 1303 300 τοιοῦτῳ
1331 226 1385 281 ές
1409 226 1501 294 τὴν
1528 228 1665 296 σφε·-

59 299 254 369 τέρην.
310 305 411 353 τῶν
446 301 502 354 δὲ
538 300 701 355 εἵνεκα
735 306 764 356 ὁ
801 307 1015 375 Δαρεῖος
1049 304 1296 358 τίσασθαι
1330 307 1666 373 βουλόμενος,
1712 316 1717 322 ’

65 376 360 449 συνήγειρε
388 378 464 432 ἐπ’
493 380 676 435 αὐτοὺς
703 383 1013 452 στράτευμα.

159 454 255 511 Ὧς
301 457 358 509 δὲ
406 454 590 510 Σκύθαι
633 456 870 527 λέγουσι,
920 458 1167 510 νεώτατον
1208 458 1442 511 ἁπάντων
1484 454 1668 510 ἐθνέων
1689 456 1725 509 5

69 531 213 584 εἶναι
239 534 300 585 τὸ
329 533 606 603 σφέτερον·
652 536 803 586 τοῦτο
833 533 888 586 δὲ
913 533 1156 603 γενέσθω
1182 534 1298 586 ὦδε.
1342 533 1499 601 ἄνδρα
1524 534 1666 602 γενέ·
1688 544 1713 585 2

71 610 212 663 σθαι
249 616 452 680 πρῶτον
488 611 542 663 έν
576 614 636 679 τῇ
671 613 740 682 γῇ
774 609 948 677 ταύτῃ,
980 608 1137 678 ἐούσῃ
1166 609 1353 683 ε’ρήμῳ,
1381 614 1453 683 τῷ
1482 612 1669 676 οὕνομα

71 683 216 740 εἶναι
241 689 541 759 Ταργίταον·
581 691 673 741 τοῦ
709 690 764 742 δὲ
800 691 1086 759 Ταργιτάου
1120 687 1307 742 τούτου
1342 689 1461 743 τοὺς
1496 689 1670 742 τοκέας

71 767 309 835 λέγουσι
345 762 488 828 εἶναι,
518 768 631 835 ἐμοὶ
664 768 757 835 μὲν
791 768 853 820 οὔ
887 769 1053 821 πιστὰ
1085 767 1341 839 λέγοντες,
1370 766 1589 838 λέγουσι
1624 764 1669 819 δ’

77 844 176 905 ὧν,
224 844 323 898 Δία
367 867 425 898 τε
470 846 552 898 καὶ
595 845 939 914 Βορυσθένεος
983 849 1077 899 τοῦ
1122 850 1354 913 ποταμοῦ
1397 844 1669 915 θυγατέρα.

76 924 264 993 γένεος
301 924 394 991 μὲν
429 921 663 976 τοιούτου
699 922 760 991 δή
797 945 932 979 τινος
970 924 1213 995 γενέσθαι
1252 926 1342 977 τὸν
1366 923 1667 994 Ταργίταον·
1691 933 1716 975 8

80 998 276 1054 τοῦτου
304 1002 358 1054 δὲ
386 1001 628 1072 γενέσθαι
653 1003 834 1057 παῖδας
870 1004 1023 1072 τρεῖς,
1054 1002 1343 1068 Λειπόξαῖν,
1374 1003 1455 1054 καὶ
1479 1000 1670 1071 Ἀρπό-

82 1078 224 1144 ξαϊν,
254 1081 336 1133 καὶ
371 1082 620 1133 νεώτατον
647 1080 924 1147 Κολάξαῖν.
1007 1078 1129 1134 Ἐπὶ
1164 1078 1357 1133 τούτων
1390 1079 1669 1149 ἀρχόντων,
1692 1089 1718 1129 ¹

85 1158 151 1209 ἐκ
177 1160 269 1210 τοῦ
297 1157 511 1228 οὐρανοῦ
539 1159 797 1228 φερόμενα
835 1156 1039 1228 χρῦσεα
1072 1156 1345 1227 ποιῆματα,
1374 1157 1592 1227 ἄροτρόν
1616 1177 1671 1209 τε

86 1235 177 1289 καὶ
213 1236 366 1307 ζυγὸν
401 1236 482 1288 καὶ
519 1238 740 1306 σάγαριν
764 1236 846 1289 καὶ
873 1238 1087 1305 φιάλην,
1115 1237 1322 1291 πεσέειν
1349 1236 1402 1290 ές
1426 1235 1518 1303 τὴν
1544 1242 1673 1287 Σκυ-

89 1312 256 1381 θικήν.
301 1314 382 1367 καὶ
409 1319 509 1366 τῶν
545 1313 716 1367 ἰδόντα
749 1320 954 1383 πρῶτον
979 1317 1070 1368 τὸν
1094 1312 1473 1385 πρεσβύτατον,
1503 1311 1674 1366 ἆσσον
1693 1323 1717 1363 6

89 1391 238 1450 ἴέναι,
256 1394 575 1460 βουλόμενον
601 1392 726 1445 αὐτὰ
752 1394 953 1457 λαβεῖν·
989 1394 1080 1446 τὸν
1106 1394 1161 1446 δὲ
1188 1393 1405 1462 χρυσὸν,
1427 1391 1672 1451 ἐπιόντος,

89 1469 345 1523 καίεσθαι·
389 1470 810 1539 ἀπαλλαχθέντος
837 1471 892 1523 δὲ
920 1468 1121 1531 τούτου,
1150 1469 1417 1542 προσιέναι
1444 1470 1533 1521 τὸν
1558 1465 1672 1521 δεύ-

91 1570 263 1618 τερον,
292 1548 376 1601 καὶ
407 1549 499 1600 τὸν
531 1546 674 1602 αὖτις
709 1548 869 1601 ταῦτα
901 1548 1111 1602 ποιέειν.
1166 1549 1285 1603 τοὺς
1319 1548 1413 1615 μέν
1447 1546 1509 1613 δὴ
1537 1546 1673 1598 καιό-
1696 1559 1721 1600 ο

97 1649 252 1695 μενον
290 1628 382 1680 τὸν
415 1628 619 1697 χρυσὸν
657 1626 988 1679 ἀπώσασθαι·
1044 1626 1199 1699 τρίτῳ
1240 1626 1296 1679 δὲ
1335 1626 1407 1699 τῷ
1447 1625 1677 1696 νεωτάτῳ

96 1704 368 1759 ἐπελθόντι
394 1707 728 1772 κατασβῆναι,
748 1703 832 1757 καί
855 1725 942 1772 μιν
957 1706 1147 1758 ἐκεῖνον
1166 1704 1375 1772 κομίσαι
1396 1704 1448 1758 ές
1468 1704 1675 1755 ἑωυτοῦ·

98 1784 184 1837 καὶ
208 1783 327 1838 τοὺς
352 1782 736 1853 πρεσβυτέρους
763 1782 1053 1853 ἀδελφεοὺς
1078 1785 1208 1854 πρὸς
1238 1785 1396 1835 ταῦτα
1423 1781 1678 1851 συγγνόν-

95 1883 208 1921 τας,
255 1861 347 1929 τὴν
390 1855 672 1927 βασιληίην
715 1862 890 1914 πᾶσαν
939 1862 1251 1931 παραδοῦναι
1302 1865 1374 1932 τῷ
1426 1860 1676 1931 νεωτάτῳ.

95 1937 230 1991 Ἀπὸ
257 1940 350 1999 μὲν
409 1938 472 2002 δὴ
520 1935 820 2002 Λειποξάῒος
861 1937 1125 2003 γεγονέναι
1170 1934 1380 1993 τούτους
1414 1942 1514 1989 τῶν
1549 1945 1675 1991 Σκυ-
1701 1933 1741 1989 6

100 2014 248 2075 θέων,
276 2009 326 2067 οἳ
362 2012 590 2082 Αὐχάται
628 2012 776 2083 γένος
816 2014 1098 2067 καλέονται·
1146 2016 1248 2069 ἀπὸ
1288 2016 1345 2069 δὲ
1384 2020 1477 2069 τοῦ
1514 2018 1681 2083 μέσου

97 2091 425 2162 Ἀρποξάῖος,
466 2087 518 2142 οἳ
563 2090 810 2161 Κατίαροί
859 2112 916 2143 τε
962 2094 1046 2145 καὶ
1089 2095 1347 2163 Τράσπιες
1392 2094 1676 2147 καλέονται·
1706 2108 1713 2116 ’

103 2172 204 2226 ἀπὸ
231 2170 286 2223 δὲ
313 2172 405 2222 τοῦ
433 2169 683 2222 νεωτάτου
709 2169 874 2222 αὐτῶν
899 2169 1020 2224 τοὺς
1043 2171 1314 2235 βασιλέας,
1338 2168 1389 2223 οἳ
1414 2172 1681 2224 καλέονται

103 2248 420 2315 Παραλάται·
470 2244 710 2312 σύμπασι
750 2247 806 2299 δὲ
847 2242 972 2299 εἶναι
1013 2250 1205 2316 οὔνομα
1242 2251 1544 2309 Σκολότους,
1585 2252 1680 2301 τοῦ
1711 2266 1717 2279 ·

103 2325 356 2393 βασιλέος
392 2324 690 2391 ἐπωνυμίην.
774 2322 966 2379 Σκύθας
1002 2324 1061 2377 δὲ
1091 2322 1343 2391 ’Έλληνες
1377 2324 1681 2392 οὗνόμασαν.

107 2402 370 2473 Γεγονέναι
408 2403 503 2469 μέν
537 2400 625 2455 νύν
653 2402 824 2471 σφεας
859 2401 957 2454 ὧδε
993 2401 1213 2471 λέγουσι
1248 2402 1297 2454 οἱ
1325 2398 1527 2453 Σκύθαι·
1572 2400 1685 2452 ἔτεα
1706 2399 1740 2455 7

107 2479 166 2535 δέ
204 2480 324 2549 σφι,
354 2478 466 2533 ε’πεί
499 2500 556 2532 τε
589 2481 856 2551 γεγόνασι,
891 2481 955 2533 τὰ
993 2477 1264 2548 σύμπαντα
1301 2478 1520 2549 λέγουσι
1560 2471 1686 2531 εἶναι
1724 2488 1733 2495 “

107 2559 209 2615 ἀπὸ
248 2560 341 2613 τοῦ
377 2558 585 2630 πρώτου
629 2557 884 2625 βασιλέος
920 2558 1207 2631 Ταργιτάου
1247 2557 1300 2615 ἐς
1337 2556 1430 2624 τὴν
1469 2555 1685 2629 Δαρείου
