1975 2892
288 106 363 164 78
870 110 1278 159 ΗΡοΔοΤοΥ

392 172 397 177 ·
1625 166 1699 217 [Α.
1715 166 1762 207 ο.
1779 166 1874 209 ιιι.

288 236 479 289 ἑωυτοῦ
506 233 739 287 οἰκετέων
765 233 849 287 ἐπὶ
878 234 968 301 μιῇ
994 232 1128 299 αἶτίῃ
1166 229 1448 299 ἀνήκεστον
1477 229 1643 285 πόθος
1681 231 1870 301 ἔρδειν·

288 314 428 365 ἀλλὰ
471 312 817 383 λογισάμενος
858 309 922 379 ἢν
966 310 1179 381 εὑρίσκῃ
1221 309 1366 363 πλέω
1411 330 1470 362 τε
1507 309 1590 361 καὶ
1626 310 1768 377 μέζω
1809 310 1876 361 τὰ

288 388 567 457 ἀδικήματα
612 390 759 442 ἐόντα
810 394 911 441 τῶν
951 388 1371 458 ὑπουργημάτων,
1415 384 1548 441 οὕτω
1600 388 1675 459 τῷ
1727 386 1878 459 θυμῷ

248 485 275 525 2
287 470 492 537 χρᾶται.
534 466 853 520 Ἀποκτεῗναι
892 466 947 519 δὲ
974 465 1156 518 οὐδένα
1196 486 1268 517 κω
1307 466 1528 535 λέγουσι
1553 466 1642 517 τὸν
1675 466 1878 517 ἑωυτοῦ

287 545 499 616 πατέρα,
529 545 649 599 οὐδὲ
672 544 881 614 μητέρα.
922 543 1064 596 ἀλλὰ
1095 546 1258 596 ὁκόσα
1283 545 1377 611 ἤδη
1404 546 1612 596 τοιαῦτα
1641 541 1876 611 ἐγένετο,

288 625 463 677 πᾶσαν
506 624 728 693 ἀνάγκην
766 622 906 691 φασὶ
944 621 1310 689 ἀναζητεόμενα
1345 624 1504 674 ταῦτα
1541 620 1880 688 ἀνευρεθῆναι

288 702 401 769 ἤτοι
441 702 787 768 ὑποβολιμαῖα
826 700 987 761 ἐόντα,
1031 696 1062 767 ἢ
1102 698 1348 767 μοιχίδια·
1392 698 1453 751 οὔ
1489 697 1594 768 γὰρ
1631 697 1696 766 δὴ
1731 700 1884 767 φασὶ

290 778 427 833 οἰκὸς
452 774 579 831 εἶναι
604 780 694 831 τόν
731 800 793 849 γε
818 775 1048 844 ἀληθέως
1081 777 1233 829 τοκέα
1259 777 1358 831 ὑπὸ
1397 779 1488 829 τοῦ
1524 777 1720 829 ἑωυτοῦ
1746 796 1880 829 παι-

160 861 273 914 138
290 856 378 910 δὸς
402 854 761 923 ἀποθνήσκειν.
994 853 1178 908 Ἄσσα
1204 855 1262 909 δέ
1287 856 1392 924 σφι
1417 854 1609 908 ποιέειν
1633 854 1729 906 οὐκ
1755 855 1882 921 ἔξε·

290 954 396 994 στι,
425 936 581 986 ταῦτα
608 934 726 986 οὑδὲ
751 932 924 1003 λέγειν
949 933 1142 999 ἔξεστι.
1187 929 1467 1001 αἴσχιστον
1493 932 1548 985 δὲ
1573 932 1782 985 αὑτοῖσι
1811 934 1880 985 τὸ

287 1009 579 1081 ψεύδεσθαι
612 1014 921 1079 νενόμισται·
964 1009 1176 1080 δεύτερα
1211 1011 1285 1071 δὲ,
1327 1012 1386 1063 τὸ
1423 1010 1657 1078 ὀφείλειν
1685 1010 1878 1080 χρέος·

286 1091 501 1142 πολλῶν
538 1088 631 1157 μὲν
669 1089 751 1142 καὶ
790 1088 965 1143 ἄλλων
1006 1084 1186 1149 εἵνεκα,
1228 1090 1458 1157 μάλιστα
1497 1087 1554 1140 δὲ
1593 1088 1884 1158 ἀναγκαίην

250 1167 427 1234 Βφασὶ
454 1160 596 1227 εἶναι,
623 1168 713 1220 τὸν
747 1167 1029 1235 ὀφείλοντα
1065 1167 1148 1219 καί
1185 1186 1237 1218 τι
1267 1167 1466 1236 ψεῦδος
1503 1165 1692 1236 λέγειν.
1769 1162 1882 1221 Ὀς

288 1244 351 1297 ἂν
376 1244 433 1297 δὲ
458 1248 559 1297 τῶν
588 1244 761 1297 ἀστῶν
796 1245 992 1315 λέπρην
1017 1243 1048 1311 ἢ
1074 1242 1262 1311 λεύκην
1299 1245 1413 1313 ἔχῃ,
1445 1245 1496 1298 ἐς
1525 1246 1680 1297 πόλιν
1713 1242 1880 1300 οὗτος

288 1322 349 1374 οὐ
370 1322 682 1392 κατέρχεται,
706 1322 823 1376 οὑδὲ
846 1322 1194 1393 συμμίσγεται
1210 1324 1350 1375 τοῖσι
1365 1322 1580 1374 ἄλλοισι
1597 1322 1874 1392 Πέρσῃσι·

289 1401 427 1469 φασὶ
466 1401 523 1453 δέ
546 1420 635 1468 μιν
676 1400 727 1455 ές
761 1401 850 1452 τὸν
887 1399 1039 1467 ἥλιον
1077 1402 1364 1470 ἁμαρτόντα
1405 1420 1473 1459 τι,
1513 1404 1669 1452 ταῦτα
1703 1401 1874 1469 ἔχειν.

249 1498 273 1537 3
290 1477 455 1544 ξεῖνον
480 1479 537 1531 δέ
562 1479 743 1537 πάντα,
771 1478 862 1530 τὸν
894 1480 1284 1545 λαμβανόμενον
1310 1478 1408 1531 ὑπὸ
1429 1474 1639 1538 τούτων,
1667 1480 1876 1533 πολλοὶ

288 1557 370 1609 καὶ
397 1554 677 1611 ἐλαύνουσι
704 1555 759 1608 ἐκ
778 1557 869 1622 τῆς
886 1557 1076 1625 χώρης·
1120 1556 1202 1609 καὶ
1228 1556 1319 1610 τὰς
1332 1556 1518 1609 λευκὰς
1536 1557 1872 1627 περιστερὰς,
1919 1586 1922 1589 ’

248 1632 379 1701 ιτὴν
420 1634 575 1703 αὐτὴν
618 1634 782 1701 αἰτίην
824 1632 1172 1704 ἐπιφέροντες.
1235 1632 1324 1688 Ἐς
1367 1635 1596 1701 ποταμὸν
1641 1634 1698 1687 δὲ
1745 1638 1876 1687 οὔτε

288 1710 600 1781 ἐνουρέουσι,
641 1714 759 1765 οὔτε
799 1709 1101 1779 ἐμπτύουσι,
1143 1710 1205 1763 οὑ
1249 1713 1425 1781 χεῖρας
1468 1711 1870 1776 ἐναπονίζονται,

287 1788 407 1841 οὑδὲ
445 1790 611 1842 ἄλλον
648 1789 828 1843 οὐδένα
864 1788 1191 1859 περιορέωσι,
1232 1789 1372 1842 ἀλλὰ
1418 1790 1660 1853 σέβονται
1698 1812 1872 1844 ποτα-

158 1862 271 1917 139
286 1864 413 1933 μοὺς
450 1868 698 1933 μάλιστα.
936 1868 1036 1920 Καὶ
1070 1868 1188 1920 τόδε
1223 1866 1358 1919 ἄλλο
1394 1869 1500 1936 σφι
1535 1867 1634 1921 ῶδε
1661 1868 1868 1935 συμπέ-

285 1962 455 1995 πτωκε
494 1942 747 2013 γίνεσθαι,
776 1945 836 1998 τὸ
876 1944 1089 2015 Πέρσας
1125 1945 1219 2012 μὲν
1249 1943 1432 1999 αὐτοὺς
1469 1944 1679 2013 λέληθε,
1707 1944 1870 2013 ἡμέας

247 2019 378 2088 Βμέν
416 2041 497 2073 τοι
536 2024 616 2073 οὔ.
658 2021 721 2074 τὰ
752 2024 1004 2091 οὐνόματά
1044 2025 1167 2092 σφι,
1202 2022 1350 2075 ε’όντα
1385 2023 1535 2090 ὁμοῖα
1571 2026 1712 2076 τοῖσι
1753 2027 1866 2076 σώ-

284 2118 415 2167 μασι
442 2100 523 2153 καὶ
549 2101 611 2167 τῇ
644 2101 1074 2171 μεγαλοπρεπείῃ,
1103 2103 1386 2153 τελευτῶσι
1419 2102 1584 2154 πάντα
1619 2101 1671 2156 ἐς
1697 2102 1869 2156 τώυτὸ

284 2178 509 2247 γράμμα,
550 2178 611 2230 τὸ
638 2177 854 2248 Δωριέες
871 2179 965 2246 μὲν
983 2180 1085 2231 Σὰν
1111 2178 1373 2238 καλέουσι,
1390 2176 1566 2233 Ἴωνες
1593 2180 1647 2232 δὲ
1675 2181 1863 2249 Σίγμα.

246 2267 270 2307 8
286 2255 339 2309 ἐς
374 2259 526 2309 τοῦτο
565 2252 827 2323 διζήμενος
865 2254 1099 2327 εὑρήσεις
1134 2259 1447 2324 τελευτῶντα
1481 2262 1582 2309 τῶν
1613 2259 1868 2328 Περσέων

286 2332 349 2381 τὰ
376 2333 642 2400 οὐνόματα,
672 2334 731 2385 οὐ
771 2334 834 2385 τὰ
858 2334 968 2400 μὲν,
999 2334 1062 2385 τὰ
1089 2334 1144 2386 δὲ
1171 2333 1249 2395 οὒ,
1277 2334 1418 2387 ἀλλὰ
1452 2336 1617 2388 πάντα
1651 2336 1862 2402 ὁμοίως.

158 2408 270 2464 140
282 2413 449 2461 Ταῦτα
500 2412 592 2471 μὲν
642 2410 886 2479 ἀτρεκέως
939 2412 1044 2480 ἔχω
1094 2414 1214 2481 περὶ
1265 2414 1430 2466 αὐτῶν
1481 2414 1628 2469 εἰδὼς
1677 2416 1855 2469 εἰπεῖν.

285 2480 405 2531 τάδε
440 2484 610 2547 μέντοι
642 2485 710 2537 ὦς
744 2487 1060 2552 κρυπτόμενα
1092 2486 1318 2555 λέγεται,
1349 2488 1449 2540 καὶ·
1467 2489 1529 2540 οὔ
1567 2491 1864 2559 σαφηνέως,

284 2555 403 2625 περὶ
428 2562 521 2609 τοῦ
547 2558 904 2614 ἀποθανόντος·
950 2561 1018 2615 ὣς
1044 2562 1104 2614 οὗ
1130 2567 1381 2633 πρότερον
1407 2564 1652 2621 θάπτεται
1678 2568 1866 2641 ἀνδρὸς
