1975 2892
287 108 403 166 246
877 118 1283 165 ΗΡοΔοΤοΥ

1640 176 1717 223 [Δ.
1734 175 1788 215 C.
1810 175 1899 215 52&

247 248 275 290 4
290 231 473 303 κράτεα
512 229 971 302 παραστήσασθαι.
1029 230 1161 299 πρὸς
1187 228 1242 282 δὲ
1282 226 1535 288 τούτοισι,
1566 229 1699 281 οὐδὲ
1734 230 1904 295 λόγος

290 309 463 380 αἱρέει,
511 314 585 382 τῷ
629 308 894 380 ἐπίκουροί
938 328 997 361 τε
1035 306 1288 375 μισθωτοὶ
1329 308 1410 359 καὶ
1448 305 1668 372 τοξόται
1712 304 1902 372 οἶκήῖοι

287 384 422 454 ἦσαν
446 385 636 455 πλῆθεῖ
658 388 870 448 πολλοὶ,
898 390 1084 439 τοῦτον
1108 386 1207 439 ὑπὸ
1234 390 1336 438 τῶν
1360 387 1641 437 κατιόντων
1672 384 1899 451 Σαμίων,

249 481 275 523 ⁶
291 465 476 520 ἐόντων
509 465 719 536 ὀλίγων,
748 465 1063 532 ἑσσωθῆναι.
1121 468 1222 516 τῶν
1258 464 1313 517 δὲ
1359 461 1442 516 ὑπ’
1487 462 1670 533 ἑωυτῷ
1708 462 1903 514 ἐόντων
1962 492 1964 529 1

289 543 577 611 πολιητέων
602 544 666 597 τὰ
691 542 839 597 τέκνα
874 543 957 596 καὶ
999 543 1091 596 τὰς
1123 543 1360 613 γυναῖκας
1395 543 1424 593 ὁ
1459 540 1823 609 Πολυκράτης
1850 538 1901 591 ἐς

290 620 411 677 τοὺς
437 622 745 678 νεωσοίκους
773 618 1103 690 συνειλήσας,
1127 614 1236 688 εἶχε
1262 618 1509 686 ἑτοίμους,
1532 616 1596 685 ἢν
1620 618 1737 688 ἄρα
1762 639 1898 687 προ·

293 700 476 754 διδῶσι
516 699 656 755 οὗτοι
695 701 826 771 πρὸς
862 699 982 754 τοὺς
1025 700 1303 759 κατιόντας,
1331 697 1630 767 ὑποπρῆσαι
1683 696 1897 749 αὐτοῖσι

193 780 276 835 46
292 780 432 831 τοῖσι
477 778 822 832 νεωσοίκοισι.
1029 775 1178 829 Ἐπεί
1220 796 1278 829 τε
1324 776 1380 829 δὲ
1420 776 1471 827 οἱ
1512 774 1896 841 ἐξελασθέντες
1962 796 1964 849 4

293 855 493 923 Σαμίων
537 856 637 909 ὑπὸ
690 856 1049 927 Πολυκράτεος
1100 853 1341 908 ἀπίκοντο
1389 853 1441 907 ἐς
1492 852 1586 920 τὴν
1625 854 1889 923 Σπάρτην,

291 933 631 989 καταστάντες
657 934 742 987 ἐπὶ
768 934 888 990 τοὺς
905 934 1173 1005 ἄρχοντας,
1194 933 1382 1003 ἔλεγον
1405 931 1600 990 πολλὰ,
1619 926 1715 983 οἷα
1736 932 1889 1001 κάρτα

249 1022 278 1063 2
293 1010 540 1079 δεόμενοι.
583 1012 634 1064 οί
662 1011 720 1065 δέ
743 1014 849 1082 σφι
885 1016 946 1081 τῇ
973 1012 1148 1082 πρώτῃ
1186 1010 1499 1063 καταπόσει
1526 1008 1885 1078 ὑπεκρίναντο,

290 1088 355 1140 τὰ
378 1089 472 1156 μὲν
495 1094 674 1160 πρῶτα
707 1090 961 1159 λεχθέντα
998 1088 1368 1155 ἐπιλεληθέναι,
1397 1087 1461 1141 τὰ
1498 1087 1555 1140 δὲ
1590 1084 1797 1158 ὕστερα
1832 1087 1887 1139 οὗ

293 1167 536 1221 συνιέναι.
593 1167 720 1236 μετὰ
765 1167 822 1221 δὲ
868 1172 1045 1233 ταῦτα,
1090 1164 1301 1237 δεύτερα
1341 1165 1707 1225 καταστάντες,
1754 1164 1887 1217 ἄλλο

291 1244 384 1313 μὲν
423 1240 567 1299 εἶπον
605 1245 770 1310 οὐδὲν,
813 1242 1039 1299 θύλακον
1079 1244 1134 1298 δέ
1179 1243 1444 1315 φέροντες,
1487 1244 1703 1313 ἔφασαν
1746 1246 1787 1269 “
1802 1244 1888 1295 τὸν

255 1320 516 1377 δθύλακον
557 1322 795 1393 ἀλφίτων
839 1320 1109 1377 δέεσθαι.”
1178 1324 1227 1375 οἱ
1275 1322 1333 1376 δέ
1379 1323 1482 1391 σφι
1528 1320 1883 1391 ὑπεκρίναντο,

293 1402 364 1470 τῷ
391 1402 596 1475 θυλάκῳ
615 1400 1005 1473 περιεργάσθαι·
1047 1399 1282 1467 βοηθέειν
1310 1399 1354 1453 δ’
1385 1399 1453 1453 ὢν
1479 1399 1630 1465 ἔδοξε
1655 1399 1879 1453 αὐτοῖσι.

196 1475 275 1539 47
304 1478 398 1532 Καὶ
451 1476 624 1531 ἔπειτα
671 1476 1181 1549 παρασκευασάμενοι
1219 1470 1584 1543 ἐστρατεύοντο
1628 1478 1868 1530 Λακεδαι-

295 1556 465 1621 μόνιοι
504 1555 588 1609 ἐπὶ
627 1556 812 1625 Σάμον·
855 1556 923 1611 ὧς
960 1557 1055 1625 μὲν
1093 1553 1269 1621 Σάμιοι
1308 1552 1540 1622 λέγουσι,
1578 1555 1871 1624 εὐεργεσίας

295 1632 588 1699 ἐκτίνοντες,
638 1631 718 1685 ὅτι
765 1633 870 1703 σφι
913 1635 1155 1703 πρότεροι
1202 1632 1347 1685 αὐτοὶ
1389 1631 1541 1700 νηυσὶ
1584 1630 1877 1700 ἐβοήθησαν

252 1732 279 1774 2
295 1709 379 1764 ἐπὶ
401 1710 746 1780 Μεσσηνίους·
789 1712 857 1765 ὧς
883 1710 940 1763 δὲ
960 1710 1343 1778 Λακεδαιμόνιοι
1366 1710 1606 1781 λέγουσι,
1632 1710 1727 1762 οὔκ
1754 1708 1877 1763 οὕτω

292 1790 579 1859 τιμωρῆσαι
605 1789 893 1856 δεομένοισι
929 1788 1167 1856 Σαμίοισι
1209 1785 1598 1859 ἐστρατεύοντο,
1632 1788 1701 1843 ὧς
1733 1789 1877 1842 τίσα-

293 1865 417 1918 σθαι
455 1869 767 1935 βουλόμενοι
801 1870 894 1920 τοῦ
933 1868 1183 1937 κρητῆρος
1222 1868 1313 1934 τῆς
1352 1867 1600 1938 ἁρπαγῆς,
1631 1867 1725 1919 τὸν
1760 1864 1881 1936 ἦγον

292 1942 522 2015 Κροίσῳ,
553 1945 635 1996 καὶ
670 1948 762 1997 τοῦ
800 1944 1027 2015 θώρηκος
1061 1946 1151 1997 τὸν
1176 1944 1380 1998 αὐτοῖσι
1408 1942 1641 2012 Ἀμασις
1668 1947 1697 1997 ὁ
1724 1943 1878 2016 Αἰγύ-

251 2040 278 2082 a
292 2042 422 2075 πτου
462 2020 716 2084 βασιλεὺς
749 2022 957 2093 ἔπεμψε
994 2023 1177 2092 δῶρον.
1226 2024 1310 2075 καὶ
1347 2023 1448 2095 γὰρ
1490 2020 1696 2091 θώρηκα
1732 2019 1877 2091 ἐληΐ-

293 2120 453 2153 σαντο
479 2100 552 2173 τῷ
576 2098 810 2172 προτέρῳ
843 2102 948 2153 ἕτεῖ
970 2098 1002 2168 ἢ
1030 2102 1119 2154 τὸν
1144 2102 1364 2172 κρητῆρα
1399 2101 1450 2153 οἱ
1486 2100 1685 2168 Σάμιοι·
1737 2101 1877 2155 ἐόντα

288 2180 383 2244 μὲν
416 2178 606 2240 λίνεον,
651 2179 732 2231 καὶ
774 2180 914 2243 ζώων
949 2177 1321 2247 ἐνυφασμένων
1362 2182 1586 2248 συχνῶν,
1624 2199 1873 2247 κεκοσμη-

253 2256 441 2323 ιμένον
468 2257 525 2310 δέ
557 2257 742 2328 χρυσῷ
769 2257 850 2309 καὶ
886 2255 1093 2327 εἰρίοισι
1128 2256 1231 2309 άπὸ
1268 2254 1451 2323 ξύλου.
1494 2261 1595 2309 τῶν
1626 2257 1685 2309 δὲ
1722 2255 1873 2311 εἵνεκα

289 2332 556 2399 θωυμάσαι
591 2332 752 2399 ἄξιον,
781 2335 1033 2403 ἁρπεδόνη
1070 2336 1261 2403 ἑκάστη
1300 2338 1395 2388 τοῦ
1430 2333 1659 2405 θώρηκος
1700 2336 1870 2389 ποιέει·

287 2406 448 2460 ἐοῦσα
484 2411 586 2479 γὰρ
624 2410 806 2477 λεπτὴ,
837 2412 945 2480 ἔχει
985 2413 1266 2482 ἁρπεδόνας
1301 2413 1357 2466 ἐν
1392 2414 1551 2479 ἑωυτῇ
1586 2414 1872 2483 τριηκοσίας

286 2480 368 2527 καὶ
400 2483 660 2547 ἑξήκοντα,
689 2488 862 2541 πάσας
899 2489 1144 2559 φανεράς.
1188 2493 1421 2545 τοιοῦτος
1456 2488 1627 2561 ἕτερός
1654 2490 1768 2543 ἐστι
1795 2492 1869 2543 καὶ

284 2551 373 2601 τὸν
399 2554 454 2605 ἐν
479 2558 644 2631 Λίνδῳ
671 2563 881 2629 ἀνέθηκε
906 2570 969 2631 τῇ
994 2565 1235 2635 Ἀθηναίῃ
1250 2566 1498 2636 Ἀμασις.
