1975 2892
264 69 374 125 112
850 70 1259 117 ΗΡοΔοΤοΥ

1491 128 1880 177 [A.0.538-529.

261 192 318 245 δὲ
345 185 758 255 ἐπιβαλλομένου
784 189 877 239 τοῦ
905 187 1119 257 καρποῦ,
1148 184 1357 251 μᾶλλον
1381 181 1758 250 μεθύσκεσθαι
1811 181 1877 235 ἐς

263 267 343 322 δ’
320 291 374 323 ες
400 266 620 338 ὄρχησίν
640 286 696 318 τε
731 263 1058 322 ἀνίστασθαι,
1089 264 1172 315 καὶ
1207 262 1262 317 ές
1298 260 1473 327 ἀοιδὴν
1500 258 1872 313 ἀπικνέεσθαι.

222 358 247 400 6
265 345 457 400 τούτων
482 366 577 413 μεν
612 340 735 439 αὕτη
761 341 969 414 λέγεται
1007 341 1174 394 δίαιτα
1201 336 1347 393 εἶναι.
1427 337 1488 391 O
1533 337 1588 391 δὲ
1634 336 1879 437 Ἀράξης

156 438 160 442 ’
264 424 491 490 ποταμὸς
522 421 629 488 ῥέει
670 422 764 490 μὲν
791 420 845 472 ἐκ
881 424 1168 486 Ματιηνῶν,
1198 418 1316 472 ὅθεν
1350 438 1448 488 περ
1475 420 1504 469 ὁ
1531 414 1745 482 Γύνδης,
1775 419 1881 468 τὸν

268 503 321 558 ἐς
348 503 438 556 τὰς
465 502 717 572 διώρυχας
744 500 834 554 τὰς
854 497 1100 565 ἑξήκοντά
1125 519 1182 549 τε
1207 497 1291 549 καὶ
1317 494 1612 565 τριηκοσίας
1639 494 1880 557 διέλαβε

270 586 299 635 ὁ
327 583 511 651 Κῦρος·
557 581 785 646 στόμασι
812 578 866 629 δὲ
895 574 1212 648 ἐξερεύγεται
1239 575 1642 644 τεσσαράκοντα.
1672 577 1782 625 τῶν
1804 574 1880 625 τὰ

227 662 453 720 σπάντα,
481 658 619 725 πλὴν
654 658 781 716 ἑνὸς,
819 656 870 709 ἒς
910 654 1039 707 ἕλεά
1078 675 1136 706 τε
1176 654 1259 706 καὶ
1294 654 1505 723 τενάγεα
1545 651 1761 704 ἐκδιδοῖ.
1818 652 1882 703 ἐν

271 740 413 791 τοῖσι
466 734 764 805 ἀνθρώπους
817 733 1146 799 κατοικῆσθαι
1206 731 1428 802 λέγουσι
1489 729 1639 799 ἰχθῦς
1696 728 1883 797 ὠμοὺς

276 814 617 883 σιτεομένους,
642 813 822 878 ἐσθῆτι
849 812 905 865 δὲ
932 811 1225 878 νομίζοντας
1249 808 1479 880 χρᾶσθαι
1506 806 1726 877 φωκέων
1748 808 1879 877 δέρ-

228 904 254 948 '1
277 913 423 956 μασι.
467 894 526 945 τὸ
555 891 609 943 δὲ
638 889 692 943 ἓν
718 894 818 942 τῶν
846 890 1116 957 στομάτων
1140 892 1232 941 τοῦ
1257 888 1487 957 Ἀράξεω
1525 885 1630 957 ῥέει
1657 886 1747 939 διὰ
1775 906 1878 939 κα-

230 980 255 1021 8
280 969 439 1038 θοροῦ
464 968 515 1022 ἐς
534 967 625 1035 τὴν
648 965 885 1033 Κασπίην
906 966 1199 1018 θάλασσαν.
1242 963 1272 1031 ἦ
1293 964 1351 1017 δὲ
1372 965 1577 1030 Κασπίη
1601 963 1866 1016 θάλασσα

278 1046 393 1097 ἔστι
414 1043 491 1098 ἐπ’
514 1047 719 1113 ἑωυτῆς,
742 1044 803 1096 οὔ
826 1043 1199 1114 συμμίσγουσα
1217 1048 1277 1112 τῇ
1299 1042 1444 1113 ἑτέρῃ
1467 1042 1735 1108 θαλάσσῃ.
1777 1042 1884 1108 τὴν

278 1144 372 1191 μεν
389 1123 489 1194 γὰρ
500 1121 754 1189 Ἕλληνες
774 1122 1130 1175 ναυτίλλονται
1150 1123 1341 1181 πᾶσαν,
1360 1121 1442 1173 καὶ
1461 1119 1490 1187 ἡ
1513 1120 1612 1186 ἔξω
1629 1119 1884 1187 στηλέων

282 1199 577 1255 θάλασσαε
553 1222 582 1268 η
609 1199 876 1255 Ἀτλαντὶς
896 1199 1192 1268 καλεομένη,
1215 1200 1298 1253 καὶ
1317 1198 1346 1266 ἦ
1367 1198 1605 1269 Ἐρυθρὴ,
1627 1198 1721 1265 μία
1741 1220 1880 1265 τυγ-

141 1278 257 1334 203
279 1280 425 1349 χάνει
446 1279 624 1332 ἐοῦσα.
828 1276 896 1330 Ἦ
920 1279 973 1333 δε
997 1279 1223 1345 Κασπίη,
1247 1279 1362 1331 ἔστι
1381 1277 1525 1346 ἑτέρη
1548 1275 1622 1331 ἐπ’
1653 1277 1879 1343 ἑωυτῆς·

283 1358 443 1411 ἐοῦσα
467 1360 625 1426 μῆκος
650 1378 742 1426 μεν
767 1358 953 1417 πλόου,
977 1356 1171 1427 εἷρεσίῃ
1197 1356 1488 1427 χρεωμένῳ,
1511 1354 1884 1408 πεντεκαίδεκα
1959 1388 1961 1417 ;

282 1435 523 1506 ἡμερέων·
568 1435 713 1506 εὖρος
741 1436 814 1496 δὲ,
844 1439 904 1503 τῇ
934 1434 1178 1504 εὐρυτάτη
1207 1435 1320 1488 ἐστὶ
1347 1433 1471 1501 αὐτὴ
1499 1435 1702 1501 ἑωυτῆς,
1735 1432 1884 1485 ὀκτὼ

236 1526 263 1569 2
285 1514 526 1586 ἡμερέων.
611 1514 707 1568 Καὶ
743 1515 806 1566 τὰ
844 1514 938 1582 μὲν
963 1514 1093 1583 πρὸς
1127 1513 1218 1579 τὴν
1255 1512 1478 1582 ἑσπέρην
1516 1512 1746 1582 φέροντα
1782 1514 1884 1577 τῆς
1916 1574 1918 1576 ,

286 1592 559 1659 θαλάσσης
600 1590 782 1658 ταύτης
823 1596 851 1645 ὁ
895 1588 1165 1645 Καύκασος
1203 1591 1509 1662 παρατείνει,
1540 1591 1636 1642 ἐὼν
1675 1590 1882 1659 οὐρέων

285 1671 368 1723 καὶ
394 1669 583 1739 πλήθεΐ
603 1671 869 1742 μέγιστον,
897 1670 980 1722 καὶ
1005 1669 1219 1739 μεγάθεΐ
1243 1670 1594 1739 ὑψηλότατον.
1639 1668 1789 1721 ἔθνεα
1818 1668 1880 1720 δὲ

286 1748 564 1817 ἀνθρώπων
589 1750 765 1803 πολλὰ
799 1749 881 1801 καὶ
922 1750 1136 1800 παντοῖα
1170 1746 1227 1800 ἐν
1263 1748 1432 1819 ἑωυτῷ
1469 1769 1491 1798 ε
1493 1768 1576 1815 χει
1611 1749 1640 1799 ὁ
1669 1743 1878 1799 Καύκα-

238 1838 267 1879 8
289 1838 401 1880 σος
445 1827 511 1878 τὰ
536 1828 713 1882 πολλὰ
737 1827 902 1881 πάντα
928 1823 1012 1879 ἀπ’
1041 1822 1224 1892 ὕλης’
1195 1826 1372 1896 αγρίης
1401 1826 1610 1889 ζώοντα.
1654 1823 1709 1877 ἐν
1729 1826 1882 1877 τοῖσι

288 1903 371 1955 καὶ
398 1902 606 1974 δένδρεα
641 1903 825 1973 φυλλα
859 1904 1070 1972 τοιῆσδε
1106 1904 1239 1971 ἰδέης
1265 1906 1588 1973 παρεχόμενα
1615 1924 1742 1955 ειναι
1782 1902 1878 1955 λέ-

288 2001 449 2053 γεται,
489 1983 553 2034 τὰ
593 1983 863 2053 τρίβοντάς
899 1979 955 2035 τε
997 1983 1082 2035 καὶ
1115 1982 1533 2053 παραμίσγοντας·
1575 1978 1731 2051 ὕδωρ,
1773 1982 1884 2045 ζῶα

288 2060 527 2113 ἑωυτοῖσι
569 2058 623 2116 ἐς
667 2060 758 2128 τὴν
798 2058 992 2130 ε’σθῆτα
1045 2060 1343 2131 ἐγγράφειν·
1407 2060 1472 2112 τὰ
1523 2060 1579 2113 δὲ
1634 2060 1736 2124 ζῶα
1783 2060 1880 2111 οὐκ

290 2136 649 2200 ἐκπλύνεσθαι,
690 2139 829 2192 ἀλλὰ
870 2141 1377 2210 συγκαταγηράσκειν
1417 2142 1489 2210 τῷ
1527 2138 1676 2209 ἄλλῳ
1713 2137 1878 2209 εἷρίῳ,

244 2230 271 2271 4
291 2218 513 2289 κατάπερ
567 2217 912 2287 ἐνυφανθέντα
964 2216 1148 2287 ἀρχήν.
1215 2218 1358 2286 μίξιν
1409 2217 1464 2270 δὲ
1526 2214 1722 2269 τούτων
1777 2222 1884 2269 τῶν

292 2294 567 2365 ἀνθρώπων
618 2290 743 2347 εἶναι
794 2295 1042 2363 ἐμφανέα,
1087 2298 1308 2366 κατάπερ
1348 2297 1490 2349 τοῖσι
1535 2296 1876 2365 προβάτοισι.

157 2369 276 2419 204
297 2373 372 2424 Τὰ
434 2394 527 2440 μεν
592 2373 651 2441 δὴ
717 2374 845 2443 πρὸς
911 2374 1135 2443 ἑσπέρην
1184 2376 1274 2441 τῆς
1340 2373 1616 2441 θαλάσσης
1668 2370 1874 2440 ταύτης,

302 2448 386 2511 τῆς
439 2449 673 2516 Κασπίης
726 2449 1047 2519 καλεομένης,
1101 2454 1131 2503 ὁ
1185 2448 1454 2507 Καυκασος
1512 2451 1742 2521 ἀπέργει·
1813 2454 1876 2503 τὰ

298 2520 353 2571 δὲ
400 2526 526 2591 πρὸς
571 2524 643 2592 ῆῶ
688 2546 745 2579 τε
786 2529 868 2580 καὶ
910 2528 1058 2594 ἥλιον
1105 2524 1470 2592 ἀνατέλλοντα,
1511 2528 1692 2583 πεδίον
1733 2529 1873 2583 ἐκδέ-
