1975 2892
279 92 357 148 58
692 118 697 123 -
880 102 1290 147 ΗΡοΔοΤογ

156 222 259 277 101
371 220 585 286 Δηῖόκης
609 217 703 287 μέν
728 239 817 271 νυν
840 219 901 270 τὸ
929 218 1158 284 Μηδικὸν
1191 214 1337 271 ἔθνος
1371 166 1866 287 συνέῖσΑτέεπῗνόἒ-μῗὲἱ

291 316 392 357 νον,
438 297 520 349 καὶ
560 294 743 349 τούτου
784 294 925 365 ἦρξε.
967 296 1084 349 ἔστι
1127 296 1182 348 δὲ
1230 292 1420 361 Μήδων
1461 295 1650 347 τοσάδε
1691 295 1863 364 γένεα,

283 372 496 430 Βουσαὶ,
530 372 899 439 Παρητακηνοὶ,
929 368 1264 439 Στρούχατες,
1307 370 1610 440 Ἀριζαντοὶ,
1641 369 1869 435 Βούδιοι,

153 447 267 500 102
286 449 474 518 Μάγοι.
517 447 665 518 γένεα
689 448 783 515 μὲν
810 448 870 515 δὴ
900 447 1091 515 Μήδων
1117 448 1232 500 ἐστὶ
1259 450 1470 501 τοσάδε.
1713 451 1878 515 Δηϊό-

285 546 383 578 κεω
411 526 466 578 δὲ
492 527 612 579 παῖς
636 525 829 593 γίνεται
866 528 1145 595 Φραόρτης,
1177 524 1250 587 ὃς,
1279 524 1684 593 τελευτήσαντος
1712 529 1876 593 Δηῖό-

148 622 187 652 ι.
204 624 243 654 ο.
286 625 401 665 κεω,
430 601 843 668 βασιλεύσαντος
874 603 990 674 τρία
1027 605 1109 656 καὶ
1143 602 1454 670 πεντήκοντα
1492 605 1624 669 ἔτεα,
1653 606 1880 675 παρεδέ-

152 664 268 751 656’3
286 683 411 748 ξατο
438 681 531 749 τὴν
555 679 737 751 ἀρχήν.
779 681 1191 749 παραδεξάμενος
1223 682 1298 741 δὲ,
1328 682 1419 734 οὐκ
1445 682 1708 752 ἀπεχρᾶτο
1745 681 1880 750 μού-

286 781 386 813 νων
412 758 589 828 ἄρχειν
613 764 714 811 τῶν
742 756 948 826 Μήδων·
993 760 1133 811 ἀλλὰ
1165 761 1610 829 στρατευσάμενος
1642 760 1730 813 ἐπὶ
1755 760 1884 815 τοὺς

286 836 512 905 Πέρσας,
542 835 799 906 πρώτοισί
832 857 889 890 τε
927 834 1161 889 τούτοισι
1197 836 1493 904 ἐπεθήκατο,
1518 840 1600 890 καὶ
1637 839 1886 907 πρώτους

244 926 269 966 8
287 911 478 980 Μήδων
522 913 773 979 ὑπηκόους
820 914 1052 981 ἐποίησε.
1111 916 1239 982 μετὰ
1285 915 1358 974 δέ,
1398 916 1532 984 ἔχων
1577 914 1670 967 δύο
1715 919 1886 969 ταῦτα

285 990 449 1055 ἔθνεα,
480 991 561 1043 καὶ
588 991 857 1061 ἀμφότερα
894 991 1104 1061 ἰσχυρὰ,
1136 992 1514 1062 κατεστρέφετο
1541 993 1634 1060 τὴν
1665 992 1882 1061 Ἀσίην,

244 1078 271 1117 4
288 1067 373 1121 ἀπ’
400 1068 567 1121 ἄλλου
593 1067 673 1121 ἐπ’
700 1067 835 1121 ἄλλο
864 1069 952 1121 law
977 1069 1142 1125 ἔθνος.
1187 1070 1240 1125 ἐς
1265 1068 1294 1122 ὃ
1317 1072 1765 1140 στρατευσάμενος
1793 1073 1886 1125 ἐπὶ

286 1146 407 1201 τοὺς
429 1145 761 1217 Ἀσσυρίους,
784 1148 865 1199 καὶ
892 1146 1189 1217 Ἀσσυρίων
1215 1146 1426 1203 τούτους
1453 1144 1504 1200 οἳ
1526 1152 1682 1201 Νῖνον
1709 1145 1883 1218 εἶχον,

288 1224 371 1277 καὶ
395 1221 558 1294 ἦρχον
582 1226 834 1300 πρότερον
858 1226 1079 1287 πάντων,
1107 1228 1223 1278 τότε
1251 1227 1306 1279 δὲ
1332 1223 1467 1292 ἦσαν
1496 1228 1885 1294 μεμουνωμένοι

287 1302 381 1370 μὲν
408 1303 711 1370 συμμάχων,
741 1302 831 1355 ὅτε
865 1302 1220 1365 ἀπεστεώτων,
1249 1304 1426 1358 ἄλλως
1464 1304 1636 1372 μέντοι
1671 1306 1887 1358 ἑωυτῶν
1951 1344 1954 1349 -

289 1378 346 1432 εὗ
384 1380 605 1449 ἥκοντες·
650 1380 735 1433 ἐπὶ
773 1377 985 1435 τούτους
1024 1382 1086 1449 δὴ
1129 1384 1573 1451 στρατευσάμενος
1607 1386 1636 1435 6
1673 1386 1884 1453 Φραόρ-

288 1478 395 1523 της,
424 1458 577 1513 αὐτός
601 1481 659 1512 τε
684 1458 955 1529 διεφθάρη,
984 1458 1144 1529 ἄρξας
1179 1458 1272 1514 δύο
1299 1461 1382 1514 καὶ
1421 1458 1587 1514 εἴκοσι
1625 1462 1761 1527 ἔτεα,
1793 1464 1886 1516 καὶ

294 1538 323 1587 6
354 1537 573 1605 στρατὸς
598 1536 755 1589 αὐτοῦ
780 1540 810 1589 6
836 1539 1056 1592 πολλός.

156 1606 270 1661 103
394 1610 661 1678 Φραόρτεω
715 1610 771 1662 δὲ
822 1611 1235 1681 τελευτήσαντος,
1285 1618 1552 1684 ἐξεδέξατο
1602 1622 1848 1691 Κυαξάρη

157 1687 252 1768 ἓδὲ·
298 1684 327 1734 6
368 1687 635 1755 Φραόρτεω
674 1690 765 1739 τοῦ
802 1690 1024 1756 Δηῖόκεω
1061 1696 1196 1748 παῖς.
1239 1694 1386 1751 οὗτος
1424 1696 1630 1767 λέγεται
1667 1701 1882 1753 πολλὸν

246 1776 272 1815 2
295 1760 371 1811 ἔτι
411 1762 653 1828 γενέσθω
696 1764 1041 1837 ἀλκιμώτερος
1081 1774 1182 1822 τῶν
1221 1775 1501 1843 προγόνων·
1543 1777 1624 1829 καὶ
1666 1781 1878 1846 πρῶτός

292 1856 351 1887 τε
392 1837 608 1906 ἐλόχισε
648 1842 773 1893 κατὰ
810 1842 965 1895 τέλεα
1003 1846 1123 1901 τοὺς
1160 1848 1216 1901 ἐν
1245 1854 1310 1917 τῇ
1347 1850 1516 1919 Ἀσίῃ,
1553 1855 1632 1907 καὶ
1666 1860 1877 1920 πρῶτος

293 1907 493 1973 διέταξε
516 1910 675 1980 χωρὶς
706 1913 953 1969 ἑκάστους
978 1911 1123 1980 εἶναι,
1153 1917 1273 1976 τούς
1302 1942 1361 1973 τε
1385 1922 1758 1993 αἰχμοφόρους,
1791 1929 1880 1984 καὶ

290 1986 412 2039 τοὺς
446 1987 783 2057 τοξοφόρους,
814 1993 895 2044 καὶ
934 1994 1055 2049 τοὺς
1096 1996 1293 2052 ἱππέας·
1334 2001 1436 2069 πρὸ
1467 2006 1560 2054 τοῦ
1599 2002 1654 2054 δέ
1687 2003 1880 2071 ἀναμὶξ

247 2080 272 2120 a
292 2059 354 2128 ἦν
378 2064 542 2117 πάντα
568 2066 753 2133 ὁμοίως
784 2068 1194 2141 ἀναπεφυρμένα.
1241 2074 1403 2132 Οὗτος
1429 2080 1458 2131 ὁ
1485 2082 1624 2132 τοῖσι
1653 2082 1879 2135 Λυδοῖσί

292 2140 408 2193 ἐστι
432 2145 803 2211 μαχεσάμενος,
832 2146 917 2199 ὅτε
957 2150 1051 2216 νὺξ
1076 2150 1105 2217 ἦ
1134 2150 1290 2222 ἡμέρη
1323 2155 1523 2224 ἐγένετό
1559 2159 1663 2226 σφι
1701 2179 1873 2227 μαχο-

289 2220 509 2287 μένοισι·
553 2223 635 2274 καὶ
670 2225 699 2274 6
727 2222 817 2290 τὴν
834 2223 1028 2281 Ἀλυος
1065 2234 1298 2297 ποταμοῦ
1333 2232 1436 2285 ἅνω
1474 2233 1657 2301 Ἀσίην
1693 2239 1878 2291 πᾶσαν

246 2313 274 2354 4
291 2296 562 2365 συστήσας
582 2301 770 2372 ἑωυτῷ.
815 2304 1078 2371 Συλλέξας
1105 2308 1161 2359 δὲ
1187 2308 1308 2363 τοὺς
1335 2310 1418 2363 ὑπ’
1445 2313 1616 2386 ἑωυτῷ
1643 2314 1868 2384 ἀρχομέ-

288 2394 405 2427 νους
438 2378 645 2437 πάντας,
680 2378 1016 2448 ἐστρατεύετο
1051 2384 1136 2436 ἐπὶ
1173 2385 1265 2452 τὴν
1300 2390 1472 2450 Νῖνον,
1515 2393 1775 2462 τιμωρέων
1814 2415 1873 2447 τε

248 2450 362 2518 6τῷ
386 2454 556 2520 πατρὶ,
586 2454 667 2506 καὶ
705 2454 797 2521 τὴν
822 2459 978 2510 πόλιν
1007 2458 1193 2526 ταύτην
1229 2463 1400 2518 θέλων
1427 2467 1643 2533 ἐξελεῖν.
1687 2470 1772 2523 καί
1801 2475 1871 2534 οἶ,

289 2523 357 2577 ὧς
402 2530 687 2592 συμβαλὼν
729 2532 931 2599 ἐνίκησε
970 2536 1090 2591 τοὺς
1123 2537 1456 2611 Ἀσσυρίους,
1491 2551 1871 2625 περικατημένῳ
