1975 2892
578 100 1057 147 eAAEIA.—111.
1094 97 1258 159 ‘14-16.
1590 94 1707 148 229

109 154 185 194 01.
207 155 268 196 ⁶8.
289 156 346 207 4.]

121 216 226 264 τοῦ
252 213 444 283 πατρὸς
470 212 647 283 ἀρχήν.
693 216 854 267 καίτοι
880 215 1058 286 Ἰνάρω
1082 238 1138 269 τε
1173 219 1255 271 καὶ
1296 217 1604 291 Ἀμυρταίου
1631 222 1716 274 οὗ*
1732 241 1758 280 4

123 290 288 357 ὃαμοί
313 311 384 343 κω
411 291 621 361 Πέρσας
657 294 783 345 κακὰ
817 294 960 346 πλέω
998 295 1304 365 ἐργάσαντο.
1348 301 1437 349 νῦν
1462 298 1519 350 δὲ
1553 321 1718 368 μηχα·

123 368 355 435 νώμενος
396 370 522 421 κακὰ
564 372 592 421 6
634 369 975 439 Ψαμμήνιτος,
1014 374 1182 435 ἔλαβε
1212 376 1301 427 τὸν
1334 376 1541 443 μισθόν·
1598 378 1717 430 ἀπι-

127 445 264 499 στὰς
288 447 389 517 γὰρ
414 446 724 518 Αἶγυπτίους
750 448 879 516 ἥλω.
924 450 1037 503 ἐπεί
1063 472 1118 502 τε
1145 451 1201 504 δὲ
1229 452 1473 509 ἐπάῒστος
1499 454 1716 525 ἐγένετο,
1731 472 1755 512 5

124 523 234 576 ὑπὸ
263 522 554 592 Καμβύσεω
581 522 704 594 αἷμα
739 524 926 598 ταύρου
961 529 1107 593 πιὼν,
1139 530 1357 583 ἀπέθανε
1387 535 1715 602 παραχρῆμα.

125 598 267 654 οὕτω
294 602 354 670 δὴ
383 601 532 658 οὗτος
559 602 880 671 ἐτελεύτησε.

229 679 510 749 Καμβύσης
554 682 610 734 δὲ
651 682 706 734 ἐκ
745 678 988 749 Μέμφιος
1028 681 1233 737 ἀπίκετο
1288 684 1342 740 ές
1392 687 1513 740 Σάϊν
1550 690 1719 749 πόλιν,
1741 690 1807 743 16

126 760 448 826 βουλόμενος
491 760 704 825 ποιῆσαι
750 760 812 811 τὰ
855 760 914 826 δὴ
959 760 1041 813 καὶ
1083 760 1313 827 ἐποίησε.
1362 762 1477 817 ε’πεί
1520 784 1577 816 τε
1617 768 1718 834 γὰρ
1790 790 1797 797 ·

129 836 328 903 ἐσῆλθε
355 836 406 890 ἐς
431 836 495 888 τὰ
526 840 617 888 τοῦ
641 836 891 905 Ἀμάσιος
917 836 1067 898 οἰκία,
1097 838 1274 891 αὐτίκα
1313 840 1523 897 ἐκέλευε
1547 842 1602 893 ἐκ
1628 843 1719 908 τῆς

126 916 302 983 ταφῆς
329 916 417 967 τὸν
441 912 690 981 Ἀμάσιος
717 915 860 968 νέκυν
887 916 1121 986 ἐκφέρειν
1148 916 1265 983 ἔξω.
1312 918 1380 972 ὧς
1405 919 1463 971 δὲ
1483 920 1640 971 ταῦτά
1668 921 1717 971 οἱ
1732 935 1755 973 2

129 991 370 1046 ἐπιτελέα
417 992 635 1063 ἐγένετο,
683 996 968 1064 μαστιγοῦν
1012 993 1229 1056 ἐκέλευε,
1276 996 1359 1049 καὶ
1401 997 1492 1051 τὰς
1536 1000 1717 1067 τρίχας

127 1070 452 1131 ἀποτίλλειν,
481 1071 563 1123 καὶ
606 1075 810 1125 κεντοῦν
850 1094 920 1135 τε,
951 1072 1033 1125 καὶ
1068 1072 1237 1125 τᾶλλα
1270 1074 1433 1126 πάντα
1472 1076 1713 1143 λυμαίνε-

131 1146 277 1202 σθαι.
323 1148 434 1202 ἐπεί
458 1170 514 1201 τε
541 1150 597 1202 δὲ
625 1151 706 1203 καὶ
731 1153 889 1203 ταῦτα
920 1152 1105 1219 ἔκαμον
1130 1155 1405 1213 ποιεῦντες,
1436 1148 1491 1223 (6
1526 1154 1626 1223 γὰρ
1654 1154 1713 1222 δὴ
1734 1174 1757 1211 3

130 1229 326 1298 νεκρὸς,
355 1227 446 1279 ἅτε
479 1228 910 1297 τεταριχευμένος,
939 1229 1143 1298 ἀντεῖχέ
1174 1252 1231 1281 τε
1267 1230 1347 1282 καὶ
1374 1230 1522 1283 οὐδὲν
1548 1231 1712 1299 διεχέ-

129 1298 266 1374 ετο,)
307 1304 552 1358 ἐκέλευσέ
588 1328 676 1373 μιν
718 1310 746 1359 6
791 1305 1076 1375 Καμβύσης
1110 1311 1438 1369 κατακαῦσαι,
1471 1306 1713 1361 ε’ντελλό-

126 1404 282 1451 μενος
307 1382 400 1435 οὒκ
426 1382 566 1436 ὅσια.
617 1384 817 1453 Πέρσαι
851 1385 951 1456 γὰρ
988 1385 1105 1438 θεὸν
1131 1386 1395 1453 νομίζουσι
1430 1380 1555 1437 εἶναι
1590 1389 1709 1456 πῦρ.
1735 1402 1761 1441 4

130 1463 194 1513 τὸ
225 1460 294 1514 ὧν
319 1460 601 1514 κατακαίειν
634 1484 698 1532 γε
731 1462 850 1517 τοὺς
877 1462 1081 1532 νεκροὺς
1117 1462 1347 1531 οὐδαμῶς
1372 1462 1428 1515 ἐν
1464 1465 1598 1536 νόμῳ
1627 1465 1714 1515 οὐ-

131 1538 392 1609 δετέροισί
416 1537 553 1592 ε’στι·
617 1543 858 1611 Πέρσῃσι
885 1541 995 1608 μὲν,
1026 1538 1089 1593 δι’
1118 1539 1244 1610 ὅπερ
1281 1538 1489 1610 εἴρηται,
1518 1540 1618 1613 θεῷ
1656 1542 1716 1593 οὗ

131 1616 328 1670 δίκαιον
370 1612 496 1669 εἶναι
535 1618 776 1688 λέγοντες
810 1619 975 1685 νέμειν
1011 1619 1185 1689 νεκρὸν
1224 1617 1509 1687 ἀνθρώπου·
1562 1619 1713 1689 Αἰγυ-

130 1695 333 1749 πτίοισι
361 1695 416 1748 δὲ
444 1697 733 1763 νενόμισται
769 1699 870 1767 πῦρ
906 1694 1083 1765 θηρίον
1108 1691 1232 1748 εἶναι
1268 1696 1525 1766 ἔμψυχον,
1554 1698 1719 1750 πάντα

133 1773 193 1827 δὲ
235 1774 357 1827 αὐτὸ
400 1774 686 1828 κατεσθίειν
711 1775 775 1827 τά
808 1796 906 1844 περ
949 1774 1011 1826 ἂν
1044 1776 1203 1841 λάβῃ,
1231 1773 1468 1841 πλησθὲν
1504 1775 1558 1828 δὲ
1594 1775 1717 1827 αὐτὸ

132 1853 226 1918 τῆς
249 1854 412 1923 βορῆς
439 1851 876 1920 συναποθνήσκειν
896 1854 968 1925 τῷ
1000 1852 1393 1926 κατεσθιομένῳ.
1437 1854 1599 1906 οὔκων
1626 1852 1714 1921 θη-
1734 1877 1759 1917 5

133 1930 298 2000 ρίοισι
335 1932 486 1997 νόμος
520 1932 752 1998 οὐδαμῶς
788 1931 894 2001 σφί
929 1931 1046 1984 ἔστι
1082 1933 1169 1984 τὸν
1204 1931 1349 1984 νέκυν
1376 1931 1585 1985 διδόναι·
1637 1932 1720 1983 καὶ

136 2008 222 2061 διὰ
261 2012 419 2061 ταῦτα
471 2007 819 2078 ταριχεύουσι,
867 2005 947 2061 ἵνα
987 2008 1057 2077 μὴ
1101 2010 1325 2077 κείμενος
1378 2009 1476 2063 ὕπὸ
1530 2010 1721 2063 εὐλέων

137 2085 460 2155 καταβρωθῇ.
504 2084 637 2139 οὕτω
665 2086 726 2154 δὴ
754 2086 1071 2156 οὐδετέροισι
1099 2088 1397 2156 νομιζόμενα
1421 2088 1718 2140 ἐνετέλλετο

136 2163 326 2218 ποιέειν
353 2166 382 2217 6
409 2162 711 2233 Καμβύσης.
753 2161 844 2219 Ὦς
868 2164 1041 2232 μέντοι
1069 2163 1337 2235 Αἰγύπτιοι
1362 2165 1599 2236 λέγουσι,
1630 2165 1759 2224 οῧκσ

121 2239 354 2309 Ἀμασις
387 2239 449 2310 ἦν
475 2246 504 2295 6
529 2246 688 2295 ταῦτα
721 2242 914 2303 παθὼν,
943 2242 1083 2295 ἀλλὰ
1118 2244 1283 2297 ἄλλος
1320 2247 1422 2295 τῶν
1456 2262 1534 2297 τις
1561 2242 1718 2312 Αἴγυ-

135 2319 314 2382 πτίων,
343 2321 478 2389 ἔχων
512 2320 604 2389 τὴν
637 2320 794 2389 αὐτὴν
817 2320 1017 2387 ἡλικίην
1040 2319 1251 2388 Ἀμάσι·
1298 2315 1339 2393 ᾧ
1364 2322 1727 2388 λυμαινόμενοι

138 2399 356 2467 Πέρσαι,
389 2400 592 2451 ἐδόκεον
602 2396 832 2467 Ἀμασιν
855 2398 1215 2467 λυμαίνεσθαι.
1256 2400 1477 2469 λέγουσι
1508 2398 1627 2469 γὰρ,
1656 2399 1759 2460 ὧςτ

137 2475 421 2544 πυθόμενος
447 2477 502 2529 ἐκ
527 2471 769 2545 μαντηίου
795 2480 823 2530 ὁ
838 2474 1069 2545 ’Ἀμασις
1092 2477 1157 2529 τὰ
1182 2478 1300 2547 περὶ
1328 2476 1515 2529 ἑωυτὸν
1538 2475 1727 2545 μέλλοι

140 2552 458 2608 ἀποθανόντα
475 2554 729 2626 γίνεσθαι,
751 2552 884 2609 οὕτω
905 2554 968 2624 δὴ
988 2555 1257 2624 ἀκεόμενος
1276 2554 1340 2607 τὰ
1361 2554 1723 2627 ἐπιφερόμενα,
