1975 2892
570 102 1098 156 EYTEPHH.—11.
1129 96 1273 157 8-'12.
1613 104 1720 158 125

122 214 235 263 τῶν
272 210 377 282 γὰρ
410 214 570 265 ταῦτα
602 213 669 265 τὰ
699 214 867 284 χωρία
900 219 1326 286 προσχωσάντων
1355 226 1613 289 ποταμῶν,
1643 226 1714 278 ἐνὶ
1729 241 1757 285 8

126 294 234 341 τῶν
270 290 543 357 στομάτων
576 293 668 343 τοῦ
704 293 913 353 Νείλου,
945 294 1116 349 ἐόντος
1148 301 1520 366 πενταστόμου,
1549 301 1716 357 οὐδεὶς

129 366 301 420 αὐτῶν
339 366 564 434 πλήθεος
600 368 719 439 πέρι
752 370 897 436 ἄξιος
936 372 1298 441 συμβληθῆναι
1339 376 1472 429 ἐστί.
1515 377 1620 431 εἶσὶ
1657 380 1711 433 δέ
1727 393 1756 436 4

128 445 214 497 καὶ
239 446 399 497 ἄλλοι
423 447 643 514 ποταμοὶ
670 447 730 499 οὗ
770 450 897 501 κατὰ
922 451 1014 501 τὸν
1042 452 1233 503 Νεῖλον
1269 451 1434 507 ἐόντες
1467 456 1708 525 μεγάθεα,

124 519 181 575 οἷ
204 544 341 577 τινες
366 524 490 595 ἔργα
525 524 893 593 ἀποδεξάμενοι
918 528 1122 597 μεγάλα
1147 528 1273 581 εἶσί·
1315 535 1416 582 τῶν
1443 532 1542 602 ἐγὼ
1569 536 1706 602 φρά-

124 620 220 653 σαι
240 602 347 669 ἔχω
373 602 641 670 οὐνόματα,
666 605 747 657 καὶ
774 604 967 665 ἄλλων,
999 606 1081 657 καὶ
1107 606 1198 659 οὐκ
1225 606 1409 675 ἥκιστα
1423 606 1704 678 Ἀχελώου·

121 676 182 733 ὃς
224 677 358 749 ῥέων
402 678 466 733 δι’
506 678 848 752 Ἀκαρνανίης,
878 684 960 736 καὶ
1003 684 1154 749 ἐξιεὶς
1195 685 1247 740 ἐς
1279 684 1571 749 θάλασσαν,
1609 695 1710 743 τῶν

94 753 407 847 Ἐχινάδων
450 756 622 825 νῆσων
665 759 757 814 τὰς
798 759 1014 829 ἡμίσεας
1053 762 1148 829 ἤδη
1167 766 1404 851 ἤπειρον
1439 766 1704 834 πεποίηκε.

94 823 265 884 Ἐστι
310 832 366 885 δε
412 833 501 900 τῆς
540 831 787 901 Ἀραβίης
826 835 1015 901 χώρης
1057 830 1318 902 Αιγῦπτου
1358 836 1414 889 δὲ
1455 837 1515 891 οὗ
1557 840 1686 905 πρό-
1725 839 1792 895 ll

125 932 229 971 σω,
256 913 451 965 κόλπος
490 908 763 975 θαλάσσης
798 909 998 977 ἐσέχων
1033 911 1088 961 ἐκ
1113 911 1203 976 τῆς
1235 908 1484 981 Ἐρυθρῆς
1518 914 1700 964 καλεο-

120 989 277 1057 μένης
316 987 605 1055 θαλάσσης,
647 989 837 1057 μακρὸς
868 986 1002 1039 οὕτω
1043 984 1103 1053 δή
1156 1007 1208 1039 τι
1253 988 1335 1041 καὶ
1375 990 1592 1049 στεινὸς,
1635 990 1704 1045 ὧς

119 1067 341 1137 ἔρχομαι
372 1066 613 1135 φράσων.
662 1067 820 1133 μῆκος
858 1065 952 1133 μὲν
984 1066 1172 1125 πλόου,
1215 1064 1478 1138 ἀρξαμένῳ
1522 1067 1577 1119 ἐκ
1601 1083 1741 1135 'tv-2

117 1148 223 1213 χοῦ
250 1144 565 1198 διεκπλῶσαι
600 1144 653 1198 ἐς
686 1142 779 1211 τὴν
808 1142 985 1213 εὐρέην
1025 1142 1317 1203 θάλασσαν,
1347 1142 1525 1214 ἡμέραι
1559 1144 1698 1198 άναι-

119 1225 393 1289 σιμοῦνται
430 1222 827 1292 τεσσεράκοντα,
867 1220 1062 1291 εἶρεσίῃ
1096 1222 1386 1294 χρεωμένῳ·
1443 1220 1588 1293 εὖρος
1623 1223 1698 1284 δέ,

114 1306 184 1367 τῇ
214 1297 485 1369 εὖρύτατός
504 1300 663 1353 ἐστιὸ
681 1302 891 1359 κόλπος,
920 1299 1081 1367 ημισυ
1107 1298 1292 1395 ἡμέρης
1317 1302 1503 1353 πλόου.
1545 1299 1700 1371 ῥηχίη

116 1378 163 1431 δ’
195 1378 252 1431 ἐν
276 1378 443 1452 αὐτῷ·
438 1377 579 1431 καὶ”
544 1398 771 1446 αμπωτις
796 1378 891 1431 άνὰ
924 1379 1100 1431 πᾶσαν
1125 1377 1312 1448 ἡμέρην
1337 1377 1546 1448 γίνεται.
1592 1378 1696 1430 ἔτε-
1713 1398 1738 1438 ⁸

112 1477 213 1528 ρον
251 1459 483 1509 τοιοῦτον
516 1459 711 1511 κόλπον
734 1457 818 1509 καὶ
852 1455 943 1524 τὴν
969 1451 1229 1525 Αἴγυπτον
1268 1455 1424 1507 δοκέω
1459 1453 1700 1525 γενέσθαι

114 1546 231 1587 κου·
288 1535 377 1588 τὸν
413 1556 523 1602 μεν,
558 1534 613 1587 ἐκ
652 1536 741 1602 τῆς
778 1528 994 1603 βορηίης
1033 1531 1306 1596 θαλάσσης
1345 1534 1541 1586 κόλπον
1580 1533 1698 1585 ἐσέ-

110 1633 280 1681 χοντα
326 1612 411 1665 ἐπὶ
450 1612 731 1679 Αίθιοπίης·
794 1613 886 1665 τὸν
936 1612 994 1664 δὲ
1037 1608 1302 1679 Ἀράβιον,
1346 1611 1435 1663 τὸν
1485 1611 1700 1680 ἔρχομαι

110 1690 305 1757 λέξων,
335 1690 389 1743 ἐκ
420 1692 510 1758 τῆς
548 1691 715 1758 νοτίης
749 1691 976 1761 φέροντα
1012 1688 1098 1742 ἐπὶ
1127 1688 1326 1758 Συρίης·
1377 1688 1570 1757 σχεδὸν
1605 1710 1700 1756 μεν

112 1766 404 1835 ἀλλήλοισι
440 1768 887 1839 συντετραίνοντας
920 1788 1041 1822 τους
1054 1766 1289 1835 μυχοὺς,
1331 1765 1512 1838 ὀλίγον
1551 1766 1611 1819 δέ
1647 1788 1698 1819 τι

112 1848 591 1917 παραλλάσσοντας
622 1848 711 1914 τῆς
743 1847 933 1915 χώρης.
976 1844 1024 1897 εἰ
1063 1843 1133 1898 ὦν
1169 1844 1230 1913 δὴ
1259 1843 1497 1913 ἐθελησει
1524 1846 1690 1915 ἐκτρέ-
1710 1865 1739 1908 4

112 1926 223 1994 ψαι
248 1926 309 1977 τὸ
333 1922 545 1994 ῥέεθρον
563 1927 593 1977 ὁ
609 1926 797 1978 Νεῖλος
824 1924 875 1978 ἐς
900 1927 1082 1977 τοῦτον
1107 1923 1198 1976 τὸν
1211 1922 1456 1993 Ἀράβιον
1481 1927 1694 1987 κόλπον,

112 2003 169 2055 τί
214 2024 302 2071 μιν
345 1999 531 2055 κωλύει
580 2001 786 2073 ῥέοντος
837 1999 1022 2055 τούτου
1069 2001 1391 2071 ἐκχωσθῆναι
1443 2003 1583 2058 ἐντός
1633 2024 1695 2072 γε

114 2079 411 2150 δισμυρίων
428 2079 611 2141 ἐτέων;
656 2080 755 2150 ἐγὼ
792 2079 885 2146 μὲν
908 2080 1012 2149 γὰρ
1038 2080 1268 2146 ἔλπομαί
1303 2102 1366 2146 γε
1392 2080 1474 2133 καὶ
1503 2080 1695 2150 μυρίων
1711 2100 1736 2139 ο

114 2160 263 2213 ἐντὸς
300 2158 568 2227 χωσθῆναι
598 2157 677 2211 ἅν.
734 2160 824 2210 κοῦ
867 2178 928 2228 γε
970 2156 1052 2223 δὴ,
1103 2156 1156 2207 ἐν
1199 2158 1271 2229 τῷ
1315 2178 1692 2226 προαναισιμω-

110 2236 251 2308 μένῳ
281 2238 453 2308 χρόνῳ
492 2232 793 2305 πρότερον
768 2256 798 2302 η
835 2234 923 2301 ἐμε
957 2231 1216 2305 γενέσθαι,
1239 2234 1330 2285 οὐκ
1365 2234 1427 2286 ἂν
1463 2233 1694 2302 χωσθείη

112 2316 312 2368 κόλπος
346 2315 429 2367 καὶ
456 2314 641 2385 πολλῷ
674 2312 901 2381 'lisam'
872 2333 948 2365 ετι
973 2308 1178 2372 τούτου,
1215 2310 1314 2364 ὑπὸ
1349 2332 1603 2363 τοσουτου
1639 2332 1695 2364 τε

110 2394 349 2459 ποταμοῦ
396 2392 479 2443 καὶ
530 2388 691 2445 οὕτως
742 2390 1044 2460 εργατικοῦ;
1254 2389 1328 2441 Τὰ
1365 2389 1484 2457 περι
1535 2385 1688 2459 Λῖγυ-
1719 2390 1790 2443 12

111 2491 247 2524 πτον
286 2467 357 2521 ὦν
393 2469 477 2522 καὶ
522 2470 662 2521 τοῖσι
704 2467 923 2537 λέγουσι
966 2466 1096 2520 αυτὰ
1132 2464 1387 2532 πείθομαι,
1423 2465 1506 2519 καὶ
1544 2466 1696 2521 αὐτὸς

115 2568 259 2604 ουτω
292 2547 452 2617 κάρτα
494 2547 651 2601 δοκέω
689 2540 833 2607 εἶναι,
882 2544 1004 2599 ἰδών
1033 2566 1091 2597 τε
1134 2544 1226 2613 τὴν
1266 2540 1525 2616 Αἴγυπτον
1562 2564 1692 2614 προ-
