1975 2892
287 78 316 124 6
865 75 941 137 [Η
949 73 1294 137 ERODOTI]

209 204 268 251 12
285 198 512 264 Κατίζων
553 198 595 252 δ’
625 199 679 252 ἐν
713 201 822 253 ταῖς
855 197 1078 267 λέσχαις
1116 202 1218 252 τῶν
1250 197 1505 268 γερόντων
1542 195 1599 248 ἐν
1630 199 1692 262 τῇ
1724 193 1857 262 Κύμῃ

279 281 310 331 ό
339 278 693 348 Μελησιγένης
719 279 781 330 τὰ
809 279 931 332 ἔπεα
957 279 1021 330 τὰ
1046 277 1355 344 πεποιημένα
1381 276 1517 348 αὐτῷ
1545 275 1857 328 ἐπεδείκνυτο

278 357 360 409 καὶ
401 359 456 410 ἐν
494 360 598 412 τοῖς
639 361 816 427 λόγοις
857 359 1037 427 ἔτερπε
1074 357 1195 412 τοὺς
1240 353 1532 420 ἀκούοντας,
1580 355 1663 408 καὶ
1710 355 1862 408 αὐτοῦ

276 436 576 504 θωυμασταὶ
621 436 1039 503 καθειστήκεσαν.
1114 437 1269 490 Γνοὺς
1315 431 1361 487 δ’
1406 435 1484 488 ὅτι
1528 433 1861 488 ἆποδέκονται

275 515 432 570 αὐτοῦ
467 515 558 582 τὴν
592 516 802 584 ποίησιν
837 519 885 570 οἱ
929 518 1143 583 Κυμαῖοι
1180 516 1259 568 καὶ
1292 514 1363 568 εἷς
1401 512 1675 581 συνήθειαν
1704 511 1867 568 ἕλκων
1949 516 1955 598 Ῑ

274 595 393 653 τοὺς
445 593 731 664 ἀκούοντας,
774 598 963 667 λόγους
1009 597 1138 664 πρὸς
1176 594 1359 648 αὐτοὺς
1403 591 1645 647 τοιούσδε
1692 616 1863 666 προσ·
1940 654 1947 663 ¹

272 673 450 746 ἤνεγκε
501 674 688 745 λέγων,
733 676 799 730 ὧς
840 675 884 728 εἷ
932 675 1132 728 θέλοιεν
1170 675 1321 729 αὐτὸν
1368 672 1587 743 δημοσίῃ
1628 675 1866 746 τρέφειν,
1950 721 1955 766 Ι

272 755 668 820 ἐπικλεεστάτην
693 755 858 808 αὐτῶν
883 754 974 822 τὴν
1007 757 1159 808 πόλιν
1194 751 1420 821 ποιήσει.
1475 756 1594 806 Τοῖς
1618 753 1668 806 δ’
1715 753 1867 808 ἀκού-

271 855 391 889 ουσι
407 833 741 902 βουλομένοις
767 833 811 888 τ’
829 831 890 902 ἦν
915 837 1073 888 ταῦτα
1090 836 1171 888 καὶ
1196 833 1341 886 αὐτοὶ
1366 831 1617 902 παρῄνεον
1640 833 1866 888 ἐλθόντα

271 915 355 968 ἐπὶ
394 913 487 981 τὴν
525 913 724 981 βουλὴν
771 913 1004 982 δεηθῆναι
1047 919 1149 967 τῶν
1192 911 1532 976 βουλευτέων,
1584 913 1673 966 καὶ
1722 915 1867 969 αυτοὶ

269 995 476 1063 ἔφασαν
504 991 838 1064 συμπρῆξειν.
892 993 952 1048 ‘0
992 993 1036 1047 δ’
1068 993 1294 1048 ἐπείθετο
1330 990 1501 1046 αὐτοῖς
1540 992 1620 1044 καὶ
1663 995 1869 1062 βουλῆς

268 1072 652 1144 συλλεγομένης
680 1073 899 1126 ε’λθῶν’
870 1075 954 1127 επὶ
979 1075 1040 1127 τὸ
1064 1075 1309 1139 βουλεῖον
1346 1071 1506 1124 ἐδεῖτο
1542 1073 1637 1124 τοῦ
1680 1073 1775 1128 ἐπὶ
1810 1074 1868 1142 τῇ
1952 1123 1955 1144 Ι

267 1157 386 1221 τιμῇ
414 1150 568 1218 ταύτῃ
593 1151 964 1208 καθεστῶτος’
935 1174 1215 1254 απαγαγειν
1240 1151 1392 1207 αὐτὸν
1418 1151 1503 1204 ἐπὶ
1522 1150 1613 1218 τὴν
1630 1154 1865 1222 βουλήν.

266 1225 325 1284 Ο
355 1232 398 1286 δ’
428 1231 710 1297 ὑπεδέξατό
737 1254 795 1286 τε
821 1233 957 1284 'cal'
929 1236 1039 1287 επεὶ
1067 1234 1235 1303 καιρὸς
1261 1229 1322 1299 ἢν
1348 1227 1627 1301 ἀπήγαγεν.
1694 1241 1864 1288 Kara-

267 1313 395 1366 στὰς
443 1307 490 1365 δ’
532 1313 561 1364 6
609 1311 965 1384 Μελησιγένης
1018 1313 1168 1380 ἔλεξε
1213 1313 1331 1381 περὶ
1374 1313 1465 1378 τῆς
1514 1311 1730 1380 τροφῆς
1782 1318 1873 1368 τὸν

262 1393 422 1458 λόγον
469 1388 526 1444 ὃν
573 1391 654 1443 καὶ
702 1392 755 1444 ἐν
799 1393 908 1446 ταῖς
957 1392 1179 1462 λέσχαις
1223 1393 1425 1461 ἔλεγεν,
1475 1389 1541 1444 ὣς
1590 1387 1648 1442 δ’
1704 1388 1867 1453 εἶπεν,

191 1471 250 1520 13
267 1471 488 1538 ἐξελθὼν
529 1470 760 1539 ἐκάθητο.
839 1472 902 1523 Οἳ
941 1470 985 1523 δ’
1026 1469 1365 1536 ἐβουλεύοντο
1406 1467 1436 1521 ὅ
1473 1489 1524 1524 τι
1562 1472 1751 1540 χρεὼν
1800 1473 1874 1542 εἴη
1920 1482 1930 1497 “

262 1550 634 1621 ἀποκρίνασθαι
659 1552 810 1624 αὐτῷ.
876 1550 1307 1620 Προθυμουμένου
1336 1550 1393 1605 δὲ
1431 1552 1523 1601 τοῦ
1558 1549 1876 1622 ἀπάγοντος

259 1631 412 1685 αὐτὸν
440 1632 521 1684 καὶ
548 1629 742 1690 ἄλλων,
772 1629 890 1683 ὅσοι
917 1634 1017 1682 τῶν
1047 1631 1371 1694 βουλευτέων
1398 1629 1451 1681 ἐν
1484 1630 1595 1683 ταῖς
1631 1633 1873 1704 λέσχαις
1916 1594 1940 1721 ι

260 1708 466 1778 ἐπήκοοι
514 1710 761 1780 ἐγένοντο,
803 1713 904 1761 τῶν
947 1710 1270 1771 βουλευτέων
1316 1709 1402 1763 ἕνα
1445 1709 1665 1779 λέγεται
1715 1712 1877 1768 ἔνην·
1952 1709 1955 1744 ¹

257 1789 493 1855 τιωθῆναι
521 1792 580 1855 τῇ
607 1785 778 1857 χρήμῃ
815 1788 988 1851 αὐτοῦ,
1019 1789 1157 1843 ἄλλα
1189 1810 1247 1843 τε
1281 1787 1455 1845 πολλὰ
1493 1786 1758 1859 λέγοντα,
1796 1801 1879 1848 καὶ
1925 1788 1935 1801 “

258 1868 343 1929 ὣς,
367 1867 412 1921 εἶ
438 1868 556 1922 τοὺς
583 1864 802 1936 ὁμήρους
828 1867 967 1934 δόξει
995 1867 1205 1938 τρέφειν
1230 1871 1416 1929 αὐτοῖς,
1441 1865 1628 1935 ὅμιλον
1650 1830 1938 1931 πολλῶνι
1931 1897 1955 1928 .ι

255 1968 312 2000 τε
366 1949 448 1999 καὶ
500 1947 705 2016 ἅχρειον
759 1946 984 2014 ἕξουσιν.
1064 1945 1330 2002 Ἐντεῦθεν
1382 1949 1440 2001 δε
1484 1946 1564 2001 καὶ
1624 1955 1887 2025 τοῦνομα

247 2023 473 2095 Ὅμηρος
501 2027 814 2097 ἐπεκράτησε
840 2027 912 2099 τῷ
935 2028 1335 2099 Μελησιγένει’
1306 2029 1405 2082 απὸ
1432 2029 1521 2095 τῆς
1542 2033 1895 2106 συμφορῆς8
1918 1958 1940 2091 Ι

254 2102 332 2176 (οἱ
357 2107 457 2176 γὰρ
487 2109 701 2172 Κυμαῖοι
727 2105 845 2160 τοὺς
871 2105 1105 2177 τυφλοὺς
1132 2107 1353 2177 ὁμήρους
1378 2102 1685 2178 λέγουσιν,)
1722 2117 1899 2171 ὥστε

251 2189 500 2256 πρότερον
540 2183 911 2254 ὀνομαζομένου
952 2186 1109 2240 αὐτοῦ
1145 2188 1528 2259 Μελησιγένεος
1565 2193 1755 2246 τοῦτο
1798 2220 1897 2270 γε-

251 2265 430 2319 νέσθαι
470 2266 691 2335 τοῦνομα
729 2263 974 2334 Ὅμηρος.
1026 2266 1123 2319 Καὶ
1163 2289 1212 2318 οι
1256 2267 1390 2335 ξένοι
1433 2265 1749 2338 διήνεγκαν,
1812 2281 1909 2334 ὅτε

177 2342 445 2412 14μνήμην
479 2344 634 2398 αὐτοῦ
671 2348 953 2398 εποιοῦντο.
1013 2343 1287 2400 Ἐτελεύτα
1314 2347 1359 2400 δ’
1387 2369 1477 2400 ουν
1502 2343 1532 2399 ὃ
1567 2349 1781 2419 λόγος
1834 2365 1909 2414 πε

249 2421 478 2490 αρχοντι,
505 2421 572 2490 μὴ
599 2424 808 2493 τρέφειν
839 2426 929 2476 τὸν
947 2422 1192 2492 Ὅμηρον,
1233 2427 1380 2493 εδοξε
1420 2425 1478 2479 δέ
1510 2447 1624 2484 πως
1666 2437 1813 2494 καὶ
1850 2445 1917 2496 -ς-ζ-

247 2500 385 2566 ἄλλῃ
411 2501 600 2566 βουλῇ.
655 2500 920 2554 Ἐπελθὼν
947 2501 990 2554 δ’
1022 2505 1050 2554 6
1080 2503 1355 2569 ἐπιστάτης
1382 2527 1463 2558 και
1494 2502 1927 2581 παρεζόμενος

246 2576 382 2650 αὐτῷ
423 2575 702 2648 διηγήσατο
743 2577 862 2634 τοὺς
907 2579 1289 2639 ἐναντιωθέντας
1328 2586 1522 2656 λόγους
1558 2589 1629 2656 τῇ
1670 2602 1925 2675 χρῆμ,
