1975 2892
588 112 1077 158 eAAElA.-111.
1116 108 1349 169 142-146.
1644 107 1761 160 299

161 174 420 297 ἓιαίἑνιιιύ,
449 232 550 281 τῶν
574 228 824 300 Περσέων
848 230 899 282 οἱ
923 229 1179 283 πλείστου
1204 230 1341 297 ἄξιοι
1368 230 1579 303 θρόνους
1606 232 1758 299 θέμε-

159 327 270 368 νοι,
301 306 620 360 κατεναντίον
643 308 735 374 τῆς
773 307 1084 377 ἀκροπόλιος
1124 307 1379 363 ἐκατέατο.
1618 320 1754 364 Μαι·
1782 311 1891 365 145

159 385 360 457 ανδρίῳ
397 384 453 438 δὲ
487 385 560 457 τῷ
585 386 810 457 τυράννῳ
845 382 907 451 ἦν
933 386 1189 456 ἀδελφεὸς
1227 387 1659 459 ὑπομαργότερος,
1687 395 1759 463 τῷ

159 465 362 530 οὔνομα
406 459 468 528 ἦν
511 462 792 533 Χαρίλεως·
857 461 1008 518 οὗτος
1059 462 1090 516 ὅ
1134 484 1185 517 τι
1226 464 1287 531 δὴ
1342 465 1654 537 ἐξαμαρτὼν,
1702 468 1758 521 ἐν

156 538 398 613 γοργύρῃ
428 540 648 594 ἐδέδετο·
691 541 774 593 καὶ
801 540 862 608 δὴ
888 543 1006 594 τότε
1026 539 1315 597 ἐπακούσας
1340 564 1397 595 τε
1422 544 1487 595 τὰ
1510 546 1753 614 πρησσό-

157 640 312 688 μενα,
343 620 424 671 καὶ
451 616 706 689 διακύψας
731 619 816 672 διὰ
842 620 933 687 τῆς
955 618 1229 691 γοργύρης,
1252 621 1320 675 ὥς
1346 615 1449 674 εἶδε
1467 621 1589 677 τοὺς
1615 622 1751 692 Hip·

159 718 270 752 σας
313 696 572 767 εἰρηναίως
625 696 944 764 κατημένους,
1000 698 1131 762 ἐβόα
1179 720 1237 751 τε
1288 700 1371 751 καὶ
1422 700 1525 769 ἔφη
1564 699 1751 770 λέγων,

160 776 464 848 Μαιανδρίῳ
505 773 674 828 θέλειν
713 774 890 828 ἐλθεῖν
929 776 983 831 ἐς
1020 778 1230 847 λόγους.
1300 775 1587 833 ἐπακούσας
1626 778 1684 830 δὲ
1723 780 1752 832 ὁ
1772 787 1799 830 ²

158 854 502 923 Μαιάνδριος,
531 850 792 907 λύσαντας
821 853 975 906 αὐτὸν
1001 854 1203 907 ἐκέλευε
1232 854 1373 926 ἄγειν
1396 854 1515 926 παρ’
1544 857 1749 909 ἑωυτόν.

159 932 237 986 ὥς
282 931 340 985 δὲ
381 930 516 1000 ἄχθη
561 932 802 999 τάχιστα,
847 932 1129 1002 λοιδορέων
1172 954 1230 986 τε
1270 934 1354 986 καὶ
1392 934 1607 1000 κακίζων
1645 956 1749 1002 μιν,

157 1008 397 1063 ἀνέπειθε
425 1008 692 1063 ἐπιθέσθαι
718 1012 858 1062 τοῖσι
877 1009 1121 1080 Πέρσῃσι
1138 1011 1307 1081 λέγων
1332 1012 1520 1065 τοιάδε·
1574 1016 1610 1039 “
1628 1010 1749 1080 Ἐμὲ
1772 1020 1798 1062 ⁸

156 1086 276 1155 μὲν,
319 1086 360 1139 ὦ
400 1089 609 1140 κάκιστε
639 1087 852 1156 ἀνδρῶν,
891 1088 1039 1141 ἐόντα
1079 1092 1308 1141 σεωυτοῦ
1347 1089 1623 1159 ἀδελφεὸν,
1666 1090 1749 1143 καὶ

160 1162 478 1232 ἀδικήσαντα
503 1165 652 1219 οὐδὲν
683 1165 830 1230 ἄξιον
863 1165 1080 1234 δεσμοῦ,
1110 1164 1273 1234 δῆσας
1308 1165 1564 1238 γοργύρης
1590 1164 1744 1235 ἠξίω-

162 1255 283 1298 σας·
340 1242 500 1313 ὁρέων
549 1243 606 1296 δὲ
649 1243 767 1298 τοὺς
808 1244 1019 1313 Πέρσας
1064 1244 1414 1309 ἐκβάλλοντάς
1459 1267 1517 1298 τε
1560 1267 1625 1298 σε
1666 1246 1748 1298 καὶ

159 1320 367 1373 ἄνοικον
391 1323 674 1382 ποιεῦντας,
704 1321 766 1373 οὔ
791 1323 986 1389 τολμᾶς
1012 1322 1279 1384 τίσασθαι,
1308 1320 1441 1376 οὕτω
1468 1321 1529 1390 δὴ
1557 1344 1607 1375 τι
1624 1323 1745 1375 -ἐόνι-

159 1420 256 1453 τας
282 1398 519 1454 εὐπετέας
544 1399 846 1469 χειρωθῆναι
870 1417 884 1464 3
928 1398 1098 1460 Ἀλλ’.
1118 1398 1167 1453 εἴ
1188 1421 1238 1453 τι
1267 1398 1335 1454 σύ
1362 1401 1535 1469 σφεας
1560 1420 1742 1470 καταρ-
1768 1408 1799 1467 4,

159 1477 410 1549 ρώδηκας,
439 1476 551 1544 ἐμοὶ
573 1478 659 1532 δὸς
684 1476 802 1532 τοὺς
829 1475 1143 1548 ἐπικούρους,
1164 1478 1247 1531 καί
1272 1479 1444 1547 σφεας
1470 1478 1571 1548 ἐγὼ
1589 1498 1743 1544 τιμω-

160 1552 388 1626 ρῆσομαι
423 1557 512 1623 τῆς
548 1554 724 1608 ἐνθάδε
759 1555 980 1622 ἀπίξιος·
1024 1556 1176 1608 αὐτὸν
1207 1556 1267 1609 δέ
1297 1577 1361 1609 σε
1396 1554 1653 1625 ἐκπέμψαι
1691 1555 1745 1608 ἐκ

161 1635 256 1701 τῆς
281 1630 442 1700 νήσου
459 1634 659 1700 έτοῖμός
684 1629 844 1701 εἷμι.”
1046 1637 1213 1686 Ταῦτα
1238 1634 1395 1701 ἔλεξε
1413 1636 1441 1686 ό
1463 1633 1741 1704 Χαρίλεως.
1772 1632 1886 1687 146

163 1711 474 1782 Μαιάνδριος
515 1712 570 1764 δέ
611 1711 840 1775 ὑπέλαβε
875 1714 966 1765 τὸν
988 1714 1169 1782 λόγον,
1200 1712 1267 1766 ὦς
1300 1712 1395 1779 μὲν
1424 1711 1525 1781 ἐγὼ
1566 1711 1741 1771 δοκέω,

165 1790 258 1843 οὔκ
281 1789 335 1844 ἐς
360 1792 512 1842 τοῦτο
550 1787 850 1859 ἀφροσύνης
875 1790 1194 1857 ἀπικόμενος,
1224 1790 1292 1844 ὧς
1327 1789 1472 1856 δόξαι
1498 1788 1589 1857 τὴν
1620 1790 1742 1841 έωυ-

163 1870 256 1921 τοῦ
283 1864 491 1936 δύναμιν
514 1866 848 1937 περιέσεσθαι
875 1871 966 1936 τῆς
1002 1868 1271 1933 βασιλέος,
1301 1867 1441 1921 ἀλλὰ
1476 1865 1745 1937 φθονήσας

164 1948 368 2014 μᾶλλον
413 1948 728 2009 Συλοσῶντι,
756 1944 801 1997 εἷ
843 1946 1057 2014 ἀπονητὶ
1101 1948 1290 2014 ἔμελλε
1334 1944 1744 2016 ἀπολάμψεσθαι

165 2024 401 2092 ἀκέραιον
419 2023 510 2091 τὴν
533 2026 707 2077 πόλιν.
751 2023 988 2093 ἐρεθίσας
1016 2023 1085 2077 ὧν
1110 2024 1229 2079 τοὺς
1255 2022 1481 2094 Πέρσας,
1510 2024 1657 2077 ἔθελε
1678 2024 1744 2078 ὣς
1765 2037 1792 2078 2

167 2100 518 2154 ἀσθενέστατα
561 2103 773 2169 ποιῆσαι
825 2102 888 2154 τὰ
930 2104 1093 2169 Σάμια
1141 2100 1429 2172 πρήγματα,
1478 2102 1561 2154 καὶ
1610 2099 1745 2153 οὕτω

165 2180 512 2249 παραδιδόναι·
557 2177 613 2231 εὖ
653 2180 1068 2247 ἐξεπιστάμενος,
1100 2179 1167 2233 ὥς
1191 2178 1438 2235 παθόντες
1464 2180 1513 2231 οἱ
1540 2178 1745 2247 Πέρσαι

168 2262 344 2322 κακῶς,
392 2256 958 2328 προσεμπικρανέεσθαι
1022 2258 1243 2324 ἔμελλον
1293 2258 1433 2309 τοῖσι
1486 2255 1741 2323 Σαμίοισι·

167 2335 311 2389 εἰδώς
335 2356 390 2388 τε
418 2336 588 2408 ἑωυτῷ
629 2336 877 2404 ἀσφαλέα
914 2335 1125 2387 ἔκδυσιν
1158 2334 1346 2388 ἐοῦσαν
1385 2333 1440 2386 ἐκ
1465 2335 1555 2400 τῆς
1585 2331 1747 2400 νήσου

165 2417 297 2474 τότε,
327 2413 480 2468 ἐπεὰν
511 2414 662 2468 αὐτὸς
698 2411 970 2477 βούληται·
1018 2412 1288 2479 ἐπεποίητο
1324 2412 1427 2481 γάρ
1466 2412 1515 2463 οἱ
1552 2410 1745 2480 κρυπτὴ

167 2491 371 2561 διώρυξ,
427 2490 482 2543 ἐκ
535 2493 624 2558 τῆς
675 2491 984 2561 ἀκροπόλιος
1038 2490 1279 2560 φέρουσα
1320 2490 1405 2543 ἐπὶ
1448 2488 1741 2543 θάλασσαν.

167 2569 328 2625 Αὐτὸς
351 2570 445 2638 μὲν
471 2569 532 2637 δὴ
560 2572 590 2623 ὁ
618 2570 928 2639 Μαιάνδριος
957 2568 1161 2623 ἐκπλέει
1198 2568 1253 2621 ἐκ
1279 2569 1369 2635 τῆς
1396 2568 1581 2635 Σάμου·
1627 2566 1747 2622 τοὺς
1763 2582 1791 2623 8
