1975 2892
233 86 353 143 288
827 93 1230 141 ΗΡοΔοΤοΥ

1542 150 1616 197 [Α.
1643 153 1694 191 c.
1720 164 1760 191 ο.
1784 153 1859 192 521

234 210 391 277 ἀξίως
436 206 724 281 α’πηγῆσιος
769 206 1025 279 Ὀροίτης,
1075 205 1454 277 ἀνεσταύρωσε.
1522 211 1632 259 τῶν
1690 209 1761 260 δέ
1808 208 1859 257 οἶ

234 288 492 355 ἑπομένων
519 287 638 340 ὅσοι
673 288 766 355 μὲν
801 285 936 353 ἦσαν
961 287 1158 354 Σάμιοι,
1189 287 1363 353 ἀπῆκε,
1394 282 1623 337 κελεύων
1669 284 1857 354 σφέας

237 368 405 438 ἑωυτῷ
438 366 592 435 χάριν
628 365 828 433 εἰδέναι,
861 366 1036 419 ἐόντας
1074 363 1391 434 ἐλευθέρους·
1436 360 1563 415 ὅσοι
1603 364 1668 415 δὲ
1712 362 1856 430 ἦσαν

238 443 395 511 ξεῖνοί
421 465 478 495 τε
505 445 585 497 καὶ
613 444 790 496 δοῦλοι
817 448 918 495 τῶν
945 440 1221 509 ἑπομένων,
1247 442 1300 494 ἐν
1324 441 1669 510 ἀνδραπόδων
1700 443 1852 511 λόγῳ

199 520 533 590 εποιεῦμενος
569 516 696 591 εἶχε.
781 521 1119 589 Πολυκράτης
1155 520 1211 572 δὲ
1247 519 1684 588 ἀνακρεμάμενος,
1722 520 1849 571 ε’πε-

241 601 384 653 τέλεε
422 602 597 653 πᾶσαν
635 599 726 667 τὴν
765 597 895 668 ὄψιν
933 600 1026 664 τῆς
1066 597 1333 667 θυγατρός·
1386 596 1579 647 ἐλοῦτο
1613 597 1721 663 μὲν
1746 597 1851 667 γὰρ

241 678 337 731 ὑπὸ
367 681 458 730 τοῦ
487 680 609 732 Διὸς
635 676 762 731 ὅκως
787 673 887 737 ὕοι,
918 675 1123 745 ἐχρίετο
1152 676 1207 728 δὲ
1234 675 1333 727 ὑπὸ
1360 677 1451 725 τοῦ
1479 672 1661 739 ἡλίου,
1688 674 1850 727 ἀνιεὶς

201 755 391 809 δαῦτὸς
417 756 471 808 ἐκ
497 759 589 807 τοῦ
617 756 854 823 σώματος
883 753 1085 821 ἰκμάδα.
1169 753 1530 821 Πολυκράτεος
1567 752 1671 818 μὲν
1701 752 1768 819 δὴ
1796 753 1847 804 αἱ

241 833 434 885 πολλαὶ
461 832 688 901 εὐτυχίαι
717 832 768 887 ἐς
806 835 958 885 τοῦτο
998 829 1335 897 ἐτελεύτησαν
1370 834 1431 897 τῇ
1467 830 1517 881 οἱ
1536 827 1784 898 Ἀμασις
1818 832 1845 881 ὁ

243 906 500 974 Αἶγῦπτου
526 910 779 973 βασιλεὺς
805 906 1273 979 προεμαντεύσατο.

113 982 248 1043 126”
323 988 503 1059 Χρόνῳ
550 986 606 1039 δὲ
654 988 714 1041 οὔ
756 989 940 1061 πολλῷ
987 984 1207 1057 ὕστερον
1245 987 1328 1039 καὶ
1371 984 1613 1055 Ὀροίτεα
1654 990 1839 1041 Πολυ·

203 1080 229 1121 2
247 1064 453 1133 κράτεος
478 1064 640 1120 τίσιες
671 1066 945 1134 μετῆλθον.
987 1066 1116 1134 μετὰ
1150 1067 1249 1137 γὰρ
1286 1066 1376 1120 τὸν
1412 1064 1719 1134 Καμβύσεω
1748 1068 1839 1121 θά-

245 1162 394 1194 νατον
436 1145 517 1196 καὶ
555 1148 658 1197 τῶν
703 1146 898 1211 Μάγων
939 1146 1030 1211 τὴν
1069 1138 1364 1211 βασιληίην,
1402 1145 1569 1209 μένων
1612 1145 1671 1198 ἐν
1713 1150 1839 1213 τῇσι

245 1218 455 1288 Σάρδισι
479 1216 730 1288 Ὀροίτης,
763 1218 959 1287 ὠφέλει
983 1218 1078 1285 μὲν
1104 1217 1253 1271 οὐδὲν
1268 1216 1495 1285 Πέρσας,
1515 1217 1621 1269 ὑπὸ
1644 1217 1844 1286 Μῆδων

245 1296 674 1367 ἀπαραιρημένους
719 1296 810 1363 τὴν
852 1294 1036 1365 ἀρχήν·
1080 1298 1108 1348 ὁ
1150 1295 1205 1348 δὲ
1247 1295 1301 1348 ἑν
1335 1292 1492 1361 ταύτῃ
1524 1296 1593 1361 τῇ
1633 1300 1838 1367 ταραχῇ

246 1376 371 1427 κατὰ
403 1375 496 1441 μὲν
525 1375 710 1427 ἔκτεινε
735 1375 1066 1444 Μιτροβάτεα
1099 1374 1189 1425 τὸν
1224 1372 1279 1426 ἑκ
1307 1372 1639 1426 Δασκυλείου
1672 1372 1835 1445 ὕπαρ-

246 1473 357 1521 χον,
389 1451 444 1507 ὅς
484 1454 534 1505 οἱ
570 1453 802 1506 ὠνείδισε
836 1452 898 1504 τὰ
927 1452 978 1505 ἐς
1005 1452 1339 1521 Πολυκράτεα
1378 1451 1584 1519 ἔχοντα,
1618 1453 1751 1505 κατὰ
1782 1452 1837 1506 δὲ

245 1532 337 1581 τοῦ
365 1532 699 1599 Μιτροβάτεω
733 1532 822 1583 τὸν
852 1530 1009 1583 παῖδα
1036 1531 1364 1599 Κρανάσπην,
1392 1528 1579 1598 ἄνδρας
1616 1530 1674 1583 ἐν
1701 1531 1834 1601 Πέρ-

199 1620 224 1661 3
249 1628 377 1674 σῃσι
420 1608 673 1676 δοκίμους·
737 1607 874 1661 ἄλλα
917 1628 974 1659 τε
1028 1604 1274 1677 ἐξύβρισε
1314 1608 1547 1666 παντοῖα,
1595 1609 1687 1660 καί
1729 1630 1835 1662 τινα

246 1683 522 1756 ἀγγαρήῗον
569 1686 786 1757 Δαρείου
829 1684 1052 1738 ἐλθόντα
1092 1684 1209 1755 παρ’
1265 1685 1433 1744 αὐτὸν,
1463 1684 1533 1739 ὧς
1586 1686 1655 1737 οὗ
1708 1690 1837 1755 πρὸς

247 1761 430 1829 ἡδονήν
457 1766 504 1815 οἱ
529 1761 591 1831 ἦν
617 1766 679 1816 τὰ
705 1764 1076 1835 ἀγγελλόμενα,
1107 1762 1285 1815 κτείνει
1311 1784 1399 1830 μιν
1424 1762 1596 1814 ὀπίσω
1628 1766 1833 1831 κομιζό-

247 1861 412 1905 μενον,
443 1840 626 1911 ἅνδρας
661 1844 710 1894 οἱ
738 1842 951 1894 ὑπείσας
985 1840 1091 1892 κατ’
1125 1841 1263 1893 ὁδόν·
1307 1840 1606 1894 ἀποκτείνας
1642 1842 1705 1895 δέ
1726 1864 1832 1909 μιν,

114 1912 226 1973 127
247 1914 471 1985 ἠφάνισε
517 1920 654 1992 αὐτῷ
697 1917 854 1992 ἵππῳ.
1097 1921 1311 1988 Δαρεῖος
1356 1918 1411 1971 δὲ
1454 1918 1522 1971 ὣς
1564 1918 1701 1988 ἔσχε
1747 1922 1839 1987 τὴν

247 1993 424 2064 ἀρχὴν,
455 1994 700 2064 ἐπεθύμεε
725 1999 814 2051 τὸν
839 1996 1075 2066 Ὀροίτεα
1113 1996 1377 2060 τίσασθαι,
1406 1996 1612 2048 πάντων
1650 2018 1709 2049 τε
1736 2003 1837 2050 τῶν

247 2074 564 2141 ἀδικημάτων
599 2072 799 2135 εἵνεκεν,
839 2077 920 2127 καὶ
954 2078 1185 2141 μάλιστα
1226 2074 1566 2144 Μιτροβάτεω
1609 2076 1697 2127 καὶ
1741 2080 1834 2127 τοῦ

201 2152 442 2209 3παιδός.
489 2150 543 2203 ἐκ
587 2153 680 2219 μὲν
725 2152 787 2219 δὴ
837 2154 926 2221 τῆς
963 2152 1120 2218 ἰθείης
1162 2153 1385 2222 στρατὸν
1424 2150 1501 2205 ἐπ’
1546 2152 1705 2205 αὐτὸν
1743 2155 1833 2206 οὐκ

247 2227 417 2279 ἐδόκεε
433 2228 666 2295 πέμπειν,
690 2230 778 2281 ἅτε
805 2232 855 2281 οἱ
882 2229 1147 2283 οἰδεόντων
1174 2231 1246 2282 ἔτι
1274 2234 1375 2283 τῶν
1399 2230 1729 2301 πρηγμάτων,
1753 2234 1834 2284 καὶ

245 2306 430 2356 νεωστὶ
466 2306 598 2372 ἔχων
634 2306 724 2372 τὴν
758 2306 940 2375 ἀρχὴν,
971 2309 1052 2359 καὶ
1084 2309 1174 2359 τὸν
1206 2307 1442 2377 Ὀροίτεα
1475 2310 1711 2378 μεγάλην
1743 2310 1833 2376 τὴν

245 2373 400 2439 ἷσχὺν
425 2380 796 2449 πυνθανόμενος
823 2385 978 2452 ἔχειν·
1023 2386 1113 2437 τὸν
1138 2386 1303 2453 χίλιοι
1329 2385 1422 2452 μὲν
1448 2386 1701 2455 Περσέων
1720 2387 1830 2439 ε’δο-

242 2450 516 2533 ρυφόρεον,
547 2452 653 2524 εἶχε
681 2459 737 2509 δὲ
778 2462 932 2527 νομὸν
957 2464 1049 2513 τόν
1086 2483 1143 2513 τε
1171 2461 1394 2532 Φρύγιον
1429 2464 1510 2515 καὶ
1539 2460 1729 2517 Λύδιον
1752 2464 1833 2518 καὶ

195 2522 226 2567 ⁸
259 2522 479 2578 Ῑωνῑκόν.
521 2534 664 2601 Πρὸς
697 2538 855 2588 ταῦτα
895 2538 956 2614 δὴ
992 2537 1063 2591 ὧν
1096 2540 1127 2603 ὁ
1165 2543 1380 2608 Δαρεῖος
1414 2540 1539 2593 τάδε
1578 2540 1833 2611 ἐμηχανὴ-
