1975 2892
314 70 429 126 212
902 75 1309 122 ΗΡΟΔΟΤΟΥ

1517 133 1592 181 [A.
1612 134 1660 174 c.
1681 135 1900 176 ὅθι-570.

316 189 605 262 ραιρημένα.
644 190 765 242 τάδε
786 188 842 242 δὲ
862 187 916 241 ἐν
934 187 1217 258 περιτροπῇ
1244 187 1572 256 ἐκαρποῦντο,
1597 193 1682 240 καὶ
1709 191 1913 255 οὐδαμὰ

274 279 300 318 4
318 268 490 322 ὡυτοί.
576 266 907 338 Καλασιρίων
958 265 1143 334 χίλιοι,
1192 265 1275 317 καὶ
1315 263 1673 335 Ἑρμοτυβίων
1727 266 1909 324 ἄλλοι,

318 347 663 418 ἐδορυφόρεον
690 346 915 398 ε’νιαυτὸν
941 343 1150 396 ἔκαστοι
1176 345 1266 395 τὸν
1295 342 1536 406 βασιλέα·
1584 341 1828 396 τούτοισι
1865 343 1911 396 δ’

319 424 389 479 ὧν
424 426 545 478 τάδε
582 423 747 495 πάρεξ
786 429 886 476 τῶν
924 421 1181 493 ἀρουρέων
1219 421 1356 472 ἅλλα
1395 420 1594 474 ἐδίδοτο
1635 420 1716 474 ἐπ’
1747 421 1913 492 ἡμέρῃ
1969 461 1971 514 4

320 504 530 570 ἑκάστῃ,
553 503 713 556 ὀπτοῦ
734 501 883 554 σίτου
904 499 1132 566 σταθμὸς
1157 498 1306 552 πέντε
1331 497 1475 565 μνέαι
1501 499 1725 571 ἑκάστῳ,
1750 507 1916 570 κρεῶν
1970 522 1971 556 ι

276 635 281 640 ,
320 583 488 646 βοέων
508 578 599 634 δῦο
624 579 785 648 μνέαι,
808 577 945 632 οἴνου
972 577 1219 648 τέσσερες
1237 577 1538 647 ἀρυστῆρες.
1577 580 1742 630 ταῦτα
1767 581 1920 633 τοῖσι
1970 595 1971 640 ι

321 659 422 713 αἰεὶ
448 657 829 730 δορυφορέουσι
857 655 1074 710 ἐδίδοτο.

190 737 305 791 169
398 730 545 786 Ἐπεί
578 753 635 784 τε
670 731 726 783 δὲ
762 733 1040 794 συνιόντες,
1067 729 1098 784 ὅ
1130 752 1188 784 τε
1221 731 1432 800 Ἀπρίης
1467 732 1608 804 ἄγων
1631 734 1758 790 τοὺς
1787 737 1912 790 ε’πι-

321 807 549 872 κούρους,
586 809 667 862 καὶ
702 811 731 861 ὁ
756 807 985 878 *Αμασις
1021 811 1211 864 πάντας
1253 811 1370 866 τοὺς
1408 811 1738 878 Αἰγυπτίους,
1777 816 1912 869 ἀπί-

320 905 467 938 κοντο
495 885 547 940 ἐς
582 885 875 954 Μώμεμφιν
908 886 1080 946 πόλιν,
1111 883 1418 948 συνέβαλον·
1461 885 1544 937 καὶ
1578 885 1926 954 ἐμαχέσαπο

321 963 412 1029 μὲν
446 960 504 1016 εὖ
539 964 588 1016 οἱ
634 963 810 1028 ξεῖνοι,
842 960 1032 1030 πλήθεϊ
1069 962 1125 1014 δὲ
1164 963 1347 1035 πολλῷ
1387 963 1682 1018 ἐλάσσονες
1719 965 1920 1027 ἐόντες,

281 1057 307 1096 2
322 1042 449 1094 κατὰ
472 1045 625 1094 τοῦτο
661 1040 993 1107 ἑσσώθησαν.
1074 1039 1294 1111 Ἀπρίεω
1321 1040 1377 1093 δὲ
1413 1041 1618 1110 λέγεται
1651 1037 1787 1095 εἶναι
1825 1045 1924 1111 ἥδε

322 1117 351 1185 ἦ
380 1120 591 1179 διάνοια,
618 1118 732 1186 μηδ’
760 1119 823 1172 ἂν
849 1119 965 1172 θεόν
999 1140 1085 1186 μιν
1107 1117 1296 1186 μηδένα
1321 1114 1568 1171 δύνασθαι
1591 1123 1797 1173 παῦσαι
1825 1125 1920 1189 τῆς

282 1211 307 1251 8
322 1191 615 1264 βασιληίης·
660 1194 793 1250 οὕτω
820 1196 1103 1266 ἀσφαλέως
1129 1197 1299 1269 ἑωυτῷ
1329 1196 1566 1267 ἱδρῦσθαι
1592 1197 1783 1250 ἐδόκεε.
1833 1202 1920 1252 καὶ

322 1275 384 1342 δὴ
420 1277 537 1328 τότε
572 1275 859 1342 συμβαλὼν
894 1274 1122 1341 ἑσσώθη·
1168 1275 1248 1328 καὶ
1286 1274 1578 1344 ζωγρηθεὶς,
1607 1274 1824 1345 ἀπήχθη
1865 1279 1924 1333 ἐς

324 1354 443 1406 Σάῖν
467 1356 639 1414 πόλιν,
669 1354 722 1408 ές
756 1353 820 1405 τὰ
851 1354 1042 1406 ἑωυτοῦ
1069 1352 1200 1406 οἷκία
1225 1355 1477 1423 πρότερον
1511 1353 1675 1413 ἐόντα,
1705 1357 1832 1407 τότε
1861 1357 1924 1408 δὲ

284 1445 309 1484 4
324 1430 571 1500 Ἀμάσιος
596 1433 689 1500 ἤδη
726 1429 1000 1498 βασιλὴἲα.
1043 1430 1257 1484 ἐνθαῦτα
1293 1431 1348 1484 δὲ
1374 1431 1502 1485 τέως
1537 1431 1631 1498 μὲν
1657 1431 1917 1502 ἐτρέφετο

284 1522 309 1563 5
325 1510 379 1562 ἐν
397 1512 536 1563 τοῖσι
560 1503 910 1576 βασιληίοισι,
932 1509 1017 1562 καί
1040 1531 1128 1578 μιν
1141 1506 1370 1576 ’Ἄμασις
1389 1507 1446 1561 εὖ
1463 1512 1714 1578 περιεῖπε.
1749 1511 1914 1565 τέλος

324 1587 398 1649 δὲ,
425 1586 767 1657 μεμφομένων
802 1586 1092 1658 Αἰγυπτίων
1119 1587 1187 1641 ὥς
1213 1587 1274 1639 οὔ
1309 1589 1451 1640 ποιοῖ
1485 1586 1670 1648 δίκαια,
1703 1589 1912 1660 τρέφων

323 1670 412 1718 τὸν
453 1666 617 1736 σφίσι
656 1687 712 1718 τε
748 1667 830 1718 καὶ
866 1667 1036 1738 ἑωυτῷ
1071 1664 1332 1734 ἔχθιστον,
1371 1662 1504 1717 οὕτω
1539 1665 1601 1732 δὴ
1635 1669 1910 1736 παραδιδοῖ

283 1753 308 1792 6
324 1745 413 1796 τὸν
438 1743 651 1813 Ἀπρίην
677 1747 817 1796 τοῖσι
843 1742 1192 1815 Αἰγυπτίοισι.
1237 1744 1286 1796 ol
1313 1742 1372 1795 δέ
1394 1764 1482 1810 μιν
1507 1743 1814 1810 ἀπέπνιξαν,
1834 1747 1916 1798 καὶ

282 1828 305 1870 v
324 1821 495 1874 ἔπειτα
520 1822 724 1892 ἔθαψαν
751 1822 804 1875 ἐν
829 1824 951 1889 τῇσι
984 1819 1254 1894 πατρῴῃσι
1287 1822 1506 1890 ταφῇσι.
1549 1823 1603 1874 αί
1629 1821 1690 1874 δέ
1724 1823 1836 1875 εἰσι
1863 1825 1918 1876 ἐν

322 1897 393 1968 τῷ
429 1899 521 1971 ἱρῷ
555 1902 645 1967 τῆς
678 1898 961 1967 Ἀθηναίης,
1000 1899 1268 1970 ἀγχοτάτω
1304 1903 1396 1952 τοῦ
1429 1901 1673 1970 μεγάρου,
1715 1901 1922 1954 ἐσιόντι

280 1990 305 2030 8
324 1973 595 2047 ἀριστερῆς
619 1980 811 2048 χειρός.
854 1976 1060 2048 ἔθαψαν
1091 1975 1278 2030 Σαῗται
1303 1978 1495 2032 πάντας
1520 1976 1640 2034 τοὺς
1665 1978 1726 2030 ἐκ
1753 1984 1919 2047 νομοῦ

281 2067 307 2108 9
324 2050 507 2105 τούτου
531 2056 833 2125 γενομένους
856 2056 1112 2120 βασιλέας
1137 2057 1242 2108 ἔσω
1271 2055 1324 2108 ἑν
1349 2056 1421 2128 τῷ
1449 2057 1559 2128 ἱρῷ.
1603 2057 1686 2109 καὶ
1721 2058 1828 2128 γὰρ
1855 2060 1916 2110 τὸ

322 2135 414 2184 τοῦ
441 2133 687 2200 Ἀμάσιος
714 2135 855 2202 σῆμα
882 2135 1140 2204 ἑκαστέρω
1163 2133 1257 2201 μέν
1277 2134 1391 2186 ἐστι
1417 2136 1508 2187 τοῦ
1533 2135 1768 2204 μεγάρου
1793 2134 1824 2202 ἢ
1851 2138 1912 2187 τὸ

322 2212 413 2261 τοῦ
447 2207 667 2277 Ἀπρίεω
704 2213 785 2264 καὶ
819 2217 920 2265 τῶν
953 2210 1139 2264 τούτου
1177 2213 1534 2281 προπατόρων·
1577 2213 1695 2265 ἔστι
1736 2212 1908 2282 μέντοι

322 2286 404 2336 καὶ
430 2289 582 2338 τοῦτο
610 2288 664 2341 ἐν
688 2290 753 2355 τῇ
786 2290 918 2356 αὐλῇ
953 2293 1048 2342 τοῦ
1085 2291 1216 2360 ἱροῦ,
1243 2290 1450 2344 παστὰς
1479 2289 1652 2357 λιθίνη
1682 2293 1898 2362 μεγάλη,

322 2361 404 2412 καὶ
430 2359 684 2430 ἠσκημένη
714 2363 964 2420 στύλοισί
988 2388 1047 2419 τε
1081 2367 1316 2436 φοίνικας
1343 2368 1406 2420 τὰ
1441 2366 1652 2439 δένδρεα
1683 2390 1898 2436 μεμιμη-

257 2441 305 2479 ¹⁰
319 2435 537 2497 μένωσι,
581 2440 663 2492 καὶ
702 2443 766 2508 τῇ
804 2443 939 2510 ἄλλῃ
982 2445 1200 2512 δαπάνῃ.
1249 2446 1358 2510 ἔσω
1398 2445 1454 2498 δὲ
1479 2444 1537 2497 ἑν
1575 2448 1640 2514 τῇ
1677 2447 1902 2500 παστάδι

320 2505 435 2570 διξὰ
476 2512 745 2582 θυρώματα
786 2519 987 2586 ἕστηκε·
1033 2521 1090 2576 ἐν
1129 2523 1185 2576 δὲ
1222 2525 1364 2577 τοῖσι
1403 2522 1669 2594 θυρώμασι
1707 2523 1742 2591 ἦ
1781 2523 1904 2592 θήκη
