1975 2892
420 134 1128 180 MEAHOMENH.—-1v.
1160 132 1332 194 95·98·
1552 127 1661 180 351

49 197 130 236 οι.
155 197 221 236 66.
243 196 379 238 2-438.
401 197 461 246 2]

63 259 186 307 τόν.
277 254 590 306 Μελλόντων
631 253 686 306 δὲ
727 259 828 306 τῶν
861 252 1045 307 ’Ῐώνων
1079 252 1223 307 λὺειν
1258 253 1339 307 καὶ
1378 254 1569 309 ποιέειν
1606 255 1710 316 τὰς

68 335 411 400 κελευόμενα,
441 333 587 398 Κώης
618 333 648 384 ὁ
683 330 1015 401 Ἐρξάνδρου,
1053 334 1338 403 στρατηγὸς
1375 333 1470 385 ἐὼν
1505 341 1666 384 Μυτι-

64 410 324 477 ληναίων,
354 409 508 474 ἔλεξε
546 409 742 482 Δαρείῳ
774 411 912 471 τάδε,
942 409 1228 477 πυθόμενος
1261 413 1511 480 πρότερον
1538 407 1587 463 εἴ
1620 411 1668 462 οἱ

69 489 250 558 φίλον
291 484 366 554 εἴη
409 488 611 555 γνώμην
653 487 993 541 ἀποδέκεσθαι
1034 488 1171 557 παρὰ
1211 491 1307 541 τοῦ
1349 488 1668 555 Βουλομένου

74 563 500 619 ἀποδείκνυσθαι·
587 560 707 616 “Ὠ
758 567 1003 628 βασιλεῦ,
1049 565 1133 618 ε’πὶ
1173 567 1270 634 γῆν
1309 565 1409 636 γὰρ
1455 565 1713 633 μέλλειςε

76 641 478 714 στρατεύεσθαι,
521 644 611 710 τῆς
649 645 768 694 οὔτε
813 643 1123 713 ἀρηρομένον
1161 639 1449 712 φανήσεται
1502 643 1668 703 οὐδὲν,

75 725 201 774 οὔτε
229 723 382 775 πόλις
417 719 692 789 οἰκεομένη·
738 718 807 773 σύ
844 743 932 774 νυν
964 721 1199 791 γέφυραν
1234 718 1419 788 ταύτην
1453 722 1511 773 ἔα
1546 721 1671 773 κατὰ

75 801 261 868 χώρην
297 799 522 863 ἑστάναι,
552 799 818 867 φυλάκους
853 799 1007 867 αὐτῆς
1040 800 1208 852 λιπὼν
1242 796 1470 859 τούτους,
1499 795 1553 851 οἵ
1574 819 1670 868 περ
1718 849 1723 852 .

76 899 171 946 μιν
213 877 438 942 ἔζευξαν.
484 877 566 929 καὶ
607 878 668 944 ἥν
702 898 758 928 τε
801 878 926 929 κατὰ
967 879 1086 930 νόον
1126 875 1397 947 πρήξωμεν
1439 876 1670 946 εὑρόντες
1692 897 1719 937 4

22 971 24 974 ’
78 952 298 1015 Σκύθας,
337 955 452 1007 ἔστι
488 954 678 1009 ἄποδος
712 953 845 1022 ἡμῖν·
891 957 953 1023 ἥν
986 976 1045 1006 τε
1080 955 1161 1007 καὶ
1196 953 1264 1022 μή
1302 955 1473 1024 σφεας
1508 955 1671 1022 εὑρεῖν

80 1032 392 1101 δυνεώμεθα,
421 1031 456 1100 ἥ
485 1054 548 1103 γε
583 1031 774 1087 ἄποδος
804 1031 922 1099 ἡμῖν
956 1031 1221 1101 ἀσφαλής.
1265 1033 1326 1084 οὗ
1360 1032 1461 1102 γὰρ
1496 1033 1671 1084 ἔδεισά
1694 1051 1717 1090 5

83 1132 177 1170 κω,
205 1110 275 1178 μὴ
304 1109 643 1177 ἑσσωθέωμεν
669 1110 768 1162 ὑπὸ
805 1109 1037 1162 Σκυθέων
1070 1111 1229 1178 μάχῃ·
1274 1110 1412 1163 ἀλλὰ
1447 1112 1668 1177 μᾶλλον,

22 1255 24 1258 y
81 1189 174 1257 μὴ,
214 1189 274 1240 οὐ
311 1189 575 1255 δυνάμενοί
613 1189 783 1258 σφεας
819 1188 1000 1259 εὑρεῖν,
1034 1187 1273 1255 πάθωμέν
1308 1208 1357 1240 τι
1394 1188 1665 1256 ἀλώμενοι.

22 1271 25 1298 ³
84 1268 188 1319 Καὶ
209 1267 328 1319 τάδε
352 1266 526 1334 λέγειν
551 1265 680 1334 φαίη
702 1287 778 1320 τις
804 1266 866 1319 ἅν
889 1288 954 1333 με
981 1268 1171 1319 ἑωυτοῦ
1199 1262 1399 1326 εἵνεκεν,
1423 1267 1491 1320 ὣς
1518 1286 1667 1318 κατα·
1696 1284 1719 1323 o

83 1343 240 1412 μένω.
299 1344 399 1413 ἐγὼ
435 1344 492 1396 δὲ
526 1346 729 1414 γνώμην
763 1345 872 1413 μὲν,
911 1344 1002 1411 τὴν
1039 1341 1276 1414 εὕρισκον
1310 1343 1525 1413 ἀρίστην
1562 1363 1668 1402 σοι,

84 1424 332 1488 βασιλεῦ,
364 1420 416 1476 ές
449 1420 611 1488 μέσον
638 1421 802 1491 φέρω·
849 1422 1000 1476 αὐτὸς
1034 1422 1204 1489 μέντοι
1233 1420 1429 1490 ἕψομαί
1462 1441 1561 1481 τοι,
1591 1421 1672 1472 καὶ

87 1501 182 1553 οὐκ
209 1500 270 1552 ἂν
293 1497 616 1569 λειφθείην.”
699 1501 873 1566 Κάρτα
899 1520 955 1551 τε
981 1498 1116 1567 ἥσθη
1144 1503 1205 1566 τῇ
1231 1500 1404 1570 γνώμῃ
1441 1500 1668 1566 Δαρεῖος,
1696 1514 1720 1558 7

90 1578 175 1631 καί
212 1599 298 1645 μιν
336 1575 596 1647 ἠμείψατο
635 1579 832 1630 τοῖσδε·
906 1581 942 1603 “
965 1579 1109 1632 Ξεῖνε
1162 1577 1373 1639 Λέσβιε,
1418 1574 1673 1630 σωθέντος·

91 1657 210 1724 ε’μεΰ
237 1656 406 1709 ὀπίσω
434 1656 485 1710 ε”ς
512 1651 650 1708 οἶκον
676 1657 764 1709 τὸν
791 1656 912 1723 ἐμὸν
938 1654 1216 1722 ἐπιφάνηθί
1240 1674 1328 1722 μοι
1354 1655 1570 1713 πάντως,
1594 1675 1673 1706 ινα

93 1755 158 1788 σε
192 1735 302 1787 ἀντὶ
339 1736 571 1805 χρηστῆς
607 1733 930 1802 συμβουλίης
968 1734 1249 1802 χρηστοῖσι
1289 1751 1489 1802 εργοισι
1528 1730 1669 1799 α’μεί-

91 1809 332 1882 ψωμαι.”
540 1814 708 1865 Ταῦτα
743 1809 904 1871 εἴπας,
943 1811 1025 1864 καὶ
1060 1809 1275 1879 ἀπάψας
1315 1809 1516 1876 ἅμματα
1552 1807 1669 1876 εξὴ-
1696 1813 1775 1868 98

94 1911 243 1942 κοντα
268 1891 322 1942 ἐν
349 1891 531 1958 ἱμάντι,
562 1889 785 1944 καλέσας
820 1890 872 1943 ἐς
905 1891 1097 1958 λόγους
1131 1886 1250 1942 τοὺς
1282 1886 1465 1939 Ἰώνων
1490 1888 1670 1956 τυράν-

95 1990 227 2028 νους,
272 1970 427 2036 ελεγε
468 1968 665 2020 τάδε”“
673 1966 916 2037 μἈνδρες
955 1964 1150 2027 Ἴωνες,
1199 1964 1229 2032 ἦ
1282 1965 1375 2033 μὲν
1424 1967 1674 2034 πρότερον
1693 1981 1719 2021 2

21 2109 23 2112 Α
94 2048 264 2117 γνώμη
318 2044 666 2115 ἀποδεχθεῖσα
718 2045 770 2100 ἐς
821 2044 914 2110 τὴν
962 2044 1198 2115 γέφυραν
1257 2042 1511 2111 μετείσθω
1564 2054 1669 2110 μοι·

97 2125 299 2192 ἔχοντες
338 2124 393 2176 δε“
433 2125 524 2176 τὸν
565 2124 744 2190 ἱμάντα
782 2122 946 2181 τόνδε,
987 2121 1187 2175 ποιέετε
1225 2121 1365 2173 τάδε.
1422 2121 1573 2173 ἐπεάν
1610 2141 1674 2186 με
1692 2133 1717 2173 8

98 2200 236 2268 ἴδητε
275 2202 498 2269 τάχιστα
549 2202 890 2270 πορευόμενον
943 2199 1027 2252 ἐπὶ
1078 2196 1289 2257 Σκύθας,
1337 2197 1437 2249 ἀπὸ
1490 2195 1675 2249 τούτου

101 2279 366 2350 ἀρξάμενοι
402 2281 494 2330 τοῦ
528 2281 735 2348 χρόνου,
763 2275 916 2328 λύετε
950 2276 1091 2343 ἅμμα
1128 2273 1181 2328 ἓν
1216 2275 1433 2340 ἑκάστης
1468 2273 1670 2344 ἡμέρης.

103 2356 162 2424 ἢν
193 2357 244 2410 δὲ
281 2357 335 2410 ἐν
368 2353 533 2428 τοὺτῳ
569 2359 640 2428 τῷ
678 2357 849 2426 χρόνῳ
876 2353 944 2422 μὴ
971 2353 1161 2423 παρέω,
1191 2353 1330 2404 ἀλλὰ
1369 2351 1675 2417 διεξέλθωσι
1691 2367 1718 2406 4

105 2435 217 2502 ὑμῖν
241 2435 292 2488 αἱ
317 2432 494 2503 ἡμέραι
521 2439 622 2486 τῶν
647 2433 903 2500 ἁμμάτων,
926 2429 1213 2485 ἀποπλέετε
1241 2429 1291 2485 ἐς
1317 2429 1408 2496 τὴν
1434 2428 1677 2498 ὑμετέρην

109 2513 278 2566 αὐτῶν.
321 2511 474 2582 μέχρι
501 2511 556 2564 δὲ
577 2507 777 2575 τούτου,
802 2509 912 2564 ἐπεί
937 2531 995 2562 τε
1020 2505 1153 2563 οὕτω
1179 2507 1437 2577 μετέδοξε,
1460 2508 1671 2576 φυλάσ-
1692 2519 1715 2559 6

110 2613 222 2644 σετε
260 2589 350 2659 τὴν
391 2589 619 2660 σχεδίην,
661 2590 835 2642 πᾶσαν
878 2586 1167 2660 προθυμίην
1206 2586 1459 2658 σωτηρίης
1496 2605 1555 2639 τε
1595 2585 1677 2638 καὶ
