1975 2892
641 86 737 131 KA
749 87 790 132 E
801 87 824 131 1
834 85 1025 132 Ω.-1.
1056 85 1233 133 80-82.
1646 86 1723 144 45

131 147 204 186 01.
220 147 284 186 58.
302 146 364 195 8.]

132 202 430 262 νελθόντες,
475 205 544 257 ὥς
596 224 653 255 τε
704 204 1033 273 τριηκοσίους
1074 206 1323 278 ἑκατέρων
1366 208 1717 277 μαχέσασθαι·

127 283 370 349 ὁκότεροι
411 279 454 334 δ’
489 280 552 332 ἂν
589 281 967 352 περιγένωνται,
1012 282 1206 337 τούτων
1240 281 1365 339 εἶναι
1406 290 1495 340 τὸν
1528 293 1721 358 χῶρον·

128 360 195 412 τὸ
251 359 308 411 δὲ
335 358 533 427 πλῆθος
559 363 650 412 τοῦ
680 365 907 430 στρατοῦ
933 361 1379 416 ἀπαλλάσσεσθαι
1406 366 1643 434 ἑκάτερον
1672 366 1725 421 ές

129 436 229 504 τὴν
257 438 468 496 ἑωυτοῦ,
496 437 624 504 μηδὲ
649 437 956 507 παραμένειν
981 439 1379 508 ἀγωνιζομένων,
1410 443 1569 496 τῶνδε
1596 441 1722 497 ε’ίνε-

131 536 244 574 κεν,
271 511 355 567 ἵνα
395 514 464 582 μὴ
509 517 803 585 παρεόντων
838 521 941 570 τῶν
983 518 1363 587 στρατοπέδων,
1412 523 1627 587 ὁρῶντες
1674 523 1724 574 οῖ

131 593 308 663 ἕτεροι
349 593 698 660 ἑσσουμένους
738 594 858 650 τοὺς
897 595 1204 665 σφετέρους,
1236 595 1555 665 ἐπαμύνοιεν.
1597 607 1721 652 Συν-
1739 611 1766 651 4

133 671 344 739 θέμενοι
371 670 443 723 ὧν
467 675 643 732 ταῦτα,
672 672 1109 726 ἀπαλλάσσοντο·
1149 676 1371 745 λογάδες
1396 676 1451 728 δὲ
1479 677 1727 747 ἑκατέρων

133 748 546 817 ὑπολειφθέντες
581 750 928 813 συνέβαλλον.
971 753 1273 822 μαχομένων
1312 753 1372 806 δέ
1400 756 1599 823 σφεων,
1644 757 1726 808 καὶ

133 827 421 898 γινομένων
447 827 758 888 ἰσοπαλέων,
777 829 1115 882 ὑπελείποντο
1144 830 1201 897 ἐξ
1221 832 1416 903 ἀνδρῶν
1442 833 1727 899 ἑξακοσίων

137 908 298 975 τρεῖς·
343 905 592 976 Ἀργείων
625 906 735 972 μὲν,
764 905 1029 978 Ἀλκήνωρ
1063 930 1122 961 τε
1157 911 1239 962 καὶ
1278 914 1521 980 Χρόμιος·
1563 920 1722 965 Λακε-

139 983 419 1051 δαιμονίων
445 984 520 1044 δέ,
541 983 844 1054 Ὀθρυάδης.
887 986 1281 1054 ὑπελείφθησαν
1306 989 1364 1041 δὲ
1380 988 1521 1042 οὗτοι
1549 991 1727 1045 νυκτὸς

139 1060 490 1129 ἐπελθούσης.
533 1063 583 1114 οἱ
607 1063 702 1129 μὲν
728 1063 788 1129 δὴ
831 1061 922 1116 δύο
950 1069 1053 1117 τῶν
1076 1063 1339 1136 Ἀργείων,
1370 1068 1437 1122 ὧς
1473 1071 1722 1135 νενικηκό-
1740 1081 1765 1122 8

139 1162 250 1200 τες,
279 1139 425 1193 ἔθεον
451 1140 504 1195 ἐς
528 1142 588 1194 τὸ
603 1138 818 1211 Ἄργος·
863 1144 893 1194 ὁ
919 1142 977 1194 δὲ
1004 1149 1104 1196 τῶν
1120 1144 1524 1213 Λακεδαιμονίων
1537 1145 1723 1216 Ὀθρυ-

139 1220 291 1286 άδης,
325 1217 621 1274 σκυλεύσας
653 1219 774 1274 τοὺς
812 1218 1059 1292 Ἀργείων
1098 1223 1319 1292 νεκροὺς,
1358 1225 1440 1276 καὶ
1477 1226 1723 1295 προσφο-

139 1295 314 1365 ρήσας
355 1299 420 1350 τὰ
461 1296 599 1350 ὅπλα
632 1299 763 1367 πρὸς
813 1299 873 1351 τὸ
921 1301 1113 1353 ἑωυτοῦ
1156 1302 1521 1371 στρατόπεδον,
1569 1303 1623 1355 ἐν
1668 1307 1731 1370 τῇ

141 1375 293 1442 τάξει
319 1371 428 1444 εἶχε
456 1377 662 1429 ἑωυτόν.
705 1374 863 1446 ἡμέρῃ
893 1378 950 1430 δὲ
977 1378 1185 1447 δευτέρῃ
1212 1382 1452 1449 παρῆσαν
1476 1379 1725 1433 πυνθανό·
1744 1394 1769 1436 8

143 1474 296 1522 μενοι
325 1454 631 1524 ἀμφότεροι.
675 1455 802 1509 τέως
839 1455 932 1522 μὲν
968 1456 1029 1523 δὴ
1066 1457 1212 1508 αὐτοὶ
1255 1459 1482 1521 ἑκάτεροι
1524 1458 1732 1525 ἔφασαν

145 1534 312 1586 νικᾶν·
354 1532 612 1602 λέγοντες,
641 1533 692 1584 οἱ
721 1534 830 1600 μὲν,
875 1534 942 1587 ὣς
978 1536 1179 1586 ἑωυτῶν
1212 1537 1427 1589 πλεῦνες
1459 1538 1728 1605 περιγεγό-

147 1622 294 1664 νασι·
337 1611 386 1662 οἱ
413 1611 487 1671 δὲ,
517 1610 635 1665 τοὺς
659 1611 752 1678 μὲν
789 1611 1164 1681 ἀποφαίνοντες
1188 1613 1530 1683 πεφευγότας,
1561 1615 1650 1666 τὸν
1676 1613 1733 1667 δέ

151 1688 417 1758 σφέτερον
449 1689 838 1758 παραμείναντα,
869 1690 950 1742 καὶ
983 1689 1342 1743 σκυλεύσαντα
1382 1691 1498 1746 τοὺς
1535 1691 1735 1746 ἐκείνων

149 1765 380 1836 νεκρούς.
422 1766 584 1822 τέλος
609 1769 683 1828 δὲ,
707 1768 762 1820 ἐκ
787 1769 878 1834 τῆς
903 1768 1073 1838 ἔριδος
1092 1772 1444 1836 συμπεσόντες
1461 1770 1731 1839 ἐμάχοντο·

149 1848 422 1900 πεσόντων
459 1845 515 1898 δὲ
555 1847 637 1899 καὶ
675 1845 982 1916 ἀμφοτέρων
1016 1850 1247 1908 πολλῶν,
1278 1849 1454 1903 ἐνίκων
1488 1849 1730 1902 Λακεδαι-

149 1926 340 1992 μόνιοι.
383 1922 608 1993 Ἀργεῖοι
641 1925 736 1990 μέν
761 1945 850 1976 νυν
885 1924 986 1977 ἀπὸ
1018 1924 1203 1979 τούτου
1228 1931 1320 1980 τοῦ
1353 1931 1544 1997 χρόνου
1579 1949 1729 1980 κατα·
1750 1937 1777 1980 7

151 2003 440 2071 κειρόμενοι
479 2002 571 2056 τὰς
601 2002 848 2070 κεφαλὰς,
877 2005 1129 2073 πρότερον
1154 2005 1429 2075 ἐπάναγκες
1465 2012 1733 2073 κομῶντες,

153 2078 466 2146 ἑποιῆσαντο
493 2081 649 2147 νόμον
673 2100 730 2132 τε
755 2081 838 2132 καὶ
877 2083 1113 2151 κατάρην,
1134 2083 1211 2150 Ὶιὴ
1236 2086 1486 2154 πρότερον
1521 2083 1737 2154 θρέψειν

153 2159 318 2225 κόμην
340 2156 587 2228 Ἀργείων
618 2157 824 2224 μηδένα,
853 2159 981 2225 μηδὲ
1008 2161 1098 2214 τὰς
1127 2163 1365 2230 γυναῖκάς
1406 2163 1510 2230 σφι
1536 2181 1734 2230 χρυσο-

151 2233 434 2305 φορήσειν,
461 2236 584 2305 πρὶν
609 2235 672 2288 ἂν
699 2236 892 2306 Θυρέας
923 2236 1311 2290 ἀνασώσωνται.
1355 2239 1733 2304 Λακεδαιμόνιοι
1758 2252 1783 2292 8

157 2314 218 2367 δὲ
264 2314 330 2365 τὰ
373 2313 572 2366 ἐναντία
609 2311 805 2366 τούτων
843 2313 1017 2366 ἔθεντο
1054 2317 1223 2379 νόμον,
1252 2316 1314 2366 οὗ
1351 2317 1452 2385 γὰρ
1490 2321 1738 2383 κομῶντες

157 2393 264 2462 πρὸ
289 2389 491 2452 τούτου,
521 2391 622 2445 ἀπὸ
648 2389 834 2444 τούτου
860 2395 1038 2458 κομᾶν.
1082 2394 1171 2444 τὸν
1198 2393 1252 2444 δὲ
1282 2392 1367 2444 ἕνα
1404 2393 1623 2463 λέγουσι
1650 2396 1740 2446 τὸν

156 2468 558 2538 περιλειφθέντα
577 2473 680 2522 τῶν
704 2470 1027 2539 τριηκοσίων,
1048 2468 1348 2538 Ὀθρυάδην,
1372 2470 1742 2539 αἶσχυνόμενον

157 2547 496 2602 ἀπονοστέειν
519 2548 574 2604 ές
613 2548 866 2615 Σπάρτην,
893 2551 997 2600 τῶν
1030 2549 1080 2600 οἱ
1107 2547 1465 2618 συλλοχιτέων
1491 2547 1741 2617 διεφθαρ-
