1975 2892
536 100 1338 161 EYTEPHH.—11.172-175.
1619 95 1732 146 215

152 165 217 202 01.
238 164 301 202 52.
317 163 453 204 4—63
472 163 533 212 8.]

151 237 233 268 και
250 217 655 285 φιλοσκώμμων,
676 215 757 268 καὶ
784 215 1014 282 οὐδαμῶς
1041 213 1611 283 κατεσπουδασμένος’
1581 212 1724 284 ανῆρ·

150 294 279 350 ὅκως
326 295 385 347 δέ
422 315 507 362 μιν
549 293 804 347 ἐπιλείποι
843 293 1056 346 πίνοντά
1095 315 1153 346 τε
1195 294 1279 346 καὶ
1321 293 1630 346 εὐπαθέοντα
1669 293 1732 344 τὰ

150 370 406 440 ἐπιτήδεα,
436 371 719 424 κλέπτεσκε
754 371 817 424 ἂν
848 373 1076 441 περιϊών.
1133 373 1182 424 οἶ
1220 370 1264 424 δ’
1293 371 1355 424 ἄν
1387 393 1476 440 μιν
1511 372 1774 440 φάμενοιΩ

148 453 289 546 ἔχειν
307 451 371 502 τὰ
398 450 630 548 σφέτερα
653 447 889 519 χρήματα
915 446 1217 518 ἀρνεύμενον
1243 449 1467 516 ἄγεσκον
1495 449 1577 502 ἐπὶ
1604 470 1729 516 μαν-

150 527 295 596 τήἳον
334 527 454 580 ὅκου
490 529 758 581 ἑκάστοισι
794 524 888 592 εἴη·
929 527 1107 580 πολλὰ
1143 527 1235 595 μὲν
1270 525 1330 594 δὴ
1369 528 1451 579 καὶ
1485 525 1732 594 ἡλίσκετο

152 607 251 660 ὑπὸ
278 612 379 659 τῶν
403 601 671 674 μαντηίων,
699 606 877 659 πολλὰ
905 605 960 657 δὲ
989 605 1070 656 καὶ
1097 603 1480 697 ἀποφεύγεσκε.
1539 604 1652 659 ἐπεί
1676 616 1770 658 τε8

153 685 210 738 δὲ
246 684 329 737 καὶ
367 682 759 748 ἐβασίλευσε,’
732 684 898 737 εποίεε
934 683 1123 735 τοιάδε·
1167 682 1288 736 ὅσοι
1321 705 1416 751 μεν
1448 682 1603 736 αὐτὸν
1633 687 1734 734 τῶν

156 763 287 817 θεῶν
326 762 598 816 ἀπέλυσαν
634 761 703 830 μὴ
746 763 899 831 φῶρα
938 756 1081 820 εἶναι,
1111 758 1304 814 τούτων
1341 762 1435 828 μὲν
1473 765 1574 814 τῶν
1615 761 1735 830 ἶρῶν

152 844 273 894 οὔτε
308 839 601 909 ἐπεμέλετο,
639 843 758 892 οὔτε
794 840 845 895 ἐς
882 838 1155 906 ἐπισκευὴν
1191 839 1360 893 ἐδίδου
1400 839 1566 892 οὐδέν·
1616 838 1734 890 οὐδὲ

153 920 379 990 φοιτέων
404 918 537 979 ἔθυε,
566 919 635 973 ὧς
660 918 862 972 οὐδενὸς
890 919 1036 970 ἐοῦσι
1063 917 1276 983 ἀξίοισι,
1297 915 1498 988 ψεύδεά
1524 939 1580 970 τε
1605 939 1731 984 μαν-

152 997 271 1065 τήῒα
301 997 667 1066 κεκτημένοισι.
694 999 705 1011 ’
723 995 842 1049 ὅσοι
879 995 939 1049 δέ
970 1017 1057 1063 μιν
1091 995 1374 1064 κατέδησαν
1401 997 1554 1066 φῶρα
1588 991 1731 1054 εἶναι,
1750 1001 1776 1040 4

154 1073 348 1128 τούτων
369 1075 441 1137 δὲ,
463 1075 529 1130 ὣς
556 1073 781 1142 ἀληθέως
804 1073 931 1128 θεῶν
952 1073 1137 1126 ἐόντων
1157 1075 1239 1126 καὶ
1267 1073 1498 1144 ἀψευδέα
1521 1069 1735 1142 μαντήῖα

153 1153 532 1224 παρεχομένων,
560 1154 625 1205 τὰ
650 1155 879 1221 μάλιστα
905 1152 1208 1220 ἐπεμέλετο.

246 1233 343 1285 Καὶ
382 1236 532 1286 τοῦτο
570 1232 681 1301 μὲν,
718 1233 772 1286 ἐν
806 1234 897 1286 Σάῖ
924 1232 987 1300 τῇ
1027 1232 1264 1302 Ἀθηναίῃ
1303 1231 1592 1305 προπύλαια
1629 1233 1726 1286 θω-
1759 1229 1867 1290 175

160 1313 358 1377 υμάσιά
397 1312 447 1363 οἶ
492 1311 778 1378 ἐξεποίήσε,
818 1314 1020 1366 πολλὸν
1052 1314 1244 1369 πάντας
1284 1314 1731 1381 ὑπερβαλλόμενος

155 1389 229 1458 τῷ
256 1407 312 1438 τε
348 1384 479 1454 ὕψεϊ
512 1385 593 1437 καὶ
628 1387 701 1457 τῷ
734 1385 962 1456 μεγάθεΐ.
994 1385 1135 1439 ὅσων
1160 1408 1217 1438 τε
1242 1387 1303 1439 τὸ
1329 1385 1550 1456 μέγαθος
1574 1384 1738 1438 λίθων

156 1462 294 1523 ἐστὶ,
323 1463 405 1515 καὶ
444 1462 625 1516 ὁκοίων
659 1462 803 1515 τέων·
853 1467 1006 1517 τοῦτο
1043 1463 1116 1523 δὲ,
1147 1463 1441 1518 κολοσσοὺς
1478 1464 1736 1532 μεγάλους

157 1542 241 1594 καὶ
267 1541 656 1639 ἀνδρόσφιγγας
679 1539 983 1612 περιμήκεας
1011 1541 1234 1608 ἀνέθηκε,
1255 1541 1436 1595 λίθους
1461 1562 1518 1594 τε
1543 1541 1738 1596 ἄλλους

158 1621 213 1675 ἐς
253 1619 523 1715 ἐπισκευὴν
535 1619 849 1717 ὑπερφυέας
883 1621 942 1672 τὸ
976 1619 1200 1690 μέγαθος
1235 1621 1462 1686 ἐκόμισε.
1517 1615 1736 1690 ἠγάγετο
1753 1631 1780 1671 2

158 1698 216 1752 δὲ
244 1695 438 1751 τούτων
463 1697 589 1752 τοὺς
606 1719 716 1766 μεν,
747 1697 801 1750 ἐκ
828 1703 927 1752 τῶν
953 1699 1080 1750 κατὰ
1101 1698 1314 1768 Μέμφιν
1341 1696 1564 1750 ἐουσέων
1589 1698 1736 1750 λιθο-

158 1775 393 1844 τομιέων
428 1775 546 1830 τοὺς
572 1777 626 1828 δε
654 1776 1046 1847 ὑπερμεγάθεας,
1067 1775 1126 1842 ἐξ
1150 1775 1517 1846 Ἐλεφαντίνης
1535 1778 1735 1837 πόλιος,

157 1857 327 1908 πλόον
352 1855 433 1908 καὶ
460 1853 652 1906 ἐείκοσι
678 1853 901 1925 ἡμερέων
926 1852 1223 1925 ἀπεχούσης
1248 1857 1348 1910 ἀπὸ
1377 1857 1544 1910 Σάῒος.
1593 1856 1652 1907 τὸ
1681 1855 1735 1908 δὲ
1753 1867 1778 1908 8

160 1933 253 1986 οὐκ
288 1933 474 2002 ἥκιστα
508 1933 689 1993 αὐτῶν,
718 1933 857 1986 ἀλλὰ
890 1935 1120 2002 μάλιστα
1156 1935 1420 2005 θωυμάζω,
1451 1935 1566 1988 ἔστι
1601 1935 1736 1986 τόδε·

161 2008 345 2078 οἴκημα
368 2010 673 2080 μουνόλιθον
698 2011 907 2081 ἐκόμισε
933 2013 990 2079 ἐξ
1017 2012 1387 2083 Ἐλεφαντίνης
1411 2017 1614 2068 πόλιος·
1659 2013 1740 2065 καὶ

165 2090 320 2142 τοῦτο
348 2089 575 2158 ἐκόμιζον
608 2089 702 2158 μὲν
728 2086 804 2142 ἐπ’
833 2089 946 2142 ἔτεα
974 2089 1105 2159 τρία,
1133 2090 1381 2158 δισχίλιοι
1409 2087 1468 2142 δέ
1491 2090 1540 2140 οἱ
1563 2108 1733 2158 προσ-

167 2169 447 2236 ετετάχατο
494 2168 672 2234 ἅνδρες
723 2165 960 2260 ἀγωγέες,
1015 2168 1098 2220 καὶ
1143 2167 1280 2220 ουτοι
1332 2168 1548 2222 ἅπαντες
1598 2164 1732 2232 ἦσαν

161 2244 483 2313 κυβερνῆται.
526 2245 616 2311 τῆς
643 2243 699 2296 δε
726 2243 913 2314 στέγης
939 2240 1122 2310 ταύτης
1147 2244 1206 2296 τὸ
1232 2267 1325 2311 μεν
1349 2245 1506 2312 μῆκος
1532 2241 1788 2308 εξωθεν,4

160 2321 278 2373 ἔστι
315 2343 387 2376 εις
421 2342 478 2374 τε
514 2323 595 2375 καὶ
631 2319 796 2375 εἴκοσι
830 2319 1036 2390 πήχεες·
1082 2319 1229 2391 ευρος
1266 2322 1340 2382 δὲ,
1369 2318 1739 2390 τεσσερεσκαί-

162 2400 302 2454 δεκα·
346 2395 485 2469 ὕψος
512 2399 643 2466 δὲ,’
616 2402 763 2453 οκτῶ.
820 2403 979 2453 ταῦτα
1013 2421 1106 2468 μεν
1140 2400 1203 2451 τὰ
1237 2400 1397 2469 μέτρα
1431 2397 1620 2464 ἔξωθεν
1653 2398 1743 2463 τῆς

162 2477 354 2548 στέγης
392 2481 482 2546 τῆς
520 2478 831 2547 μουνολίθου
872 2478 1006 2530 ἐστι’.
1062 2478 1189 2547 ἀτὰρ
1229 2476 1426 2530 ἔσωθεν
1463 2476 1523 2528 τὸ
1567 2475 1740 2542 μῆκος,
1763 2487 1790 2528 ὅ

163 2555 502 2611 ὀκτωκαίδεκα
528 2557 733 2627 πηχέων
760 2557 842 2610 καὶ
868 2558 1108 2628 πυγόνος·
1152 2557 1211 2609 τὸ
1239 2555 1296 2610 δὲ
1329 2552 1492 2624 εὖρος,
1523 2554 1745 2607 δυώδεκα
