1975 2892
272 101 345 158 16
850 109 1256 156 ΗΡοΔοΤογ

1469 173 1541 220 [A.
1563 174 1608 212 c.
1629 173 1851 213 560-546.

268 221 647 292 τεσσεράκοντα
675 219 1075 288 διακομίσαντες,
1096 219 1336 274 ἀπίκοντο
1364 219 1417 277 ε’ς
1432 223 1492 274 τὸ
1522 224 1647 291 ἱρόν·
1690 225 1855 274 ταῦτα

268 300 328 354 δέ
359 303 462 370 σφι
487 298 757 366 ποιήσασι,
787 299 868 350 καὶ
903 297 1119 368 ὀφθεῖσι
1153 299 1253 352 ὑπὸ
1292 301 1380 366 τῆς
1410 297 1735 370 πανηγύριος,
1766 321 1851 352 τε-

224 391 248 432 6
268 379 423 446 λευτὴ
464 381 555 430 τοῦ
592 378 716 442 βίου
755 376 941 446 ἀρίστη
983 376 1268 447 ἐπεγένετο.
1313 376 1506 443 διέδεξέ
1542 399 1599 430 τε
1638 377 1692 430 ἐν
1725 376 1851 430 τοὺ-

269 477 410 509 τοισι
437 459 465 508 ὁ
493 455 626 516 θεὸς,
655 457 721 510 ὣς
758 454 960 523 ἄμεινον
986 452 1061 521 ε’ίη
1102 454 1352 528 ἀνθρώπῳ
1380 455 1611 508 τεθνάναι
1646 458 1856 523 μᾶλλον

223 533 298 603 οῆ
339 535 498 600 ζώειν.
541 532 765 604 Ἀργεῖοι
800 534 893 602 μὲν
925 533 1027 604 γὰρ
1053 535 1387 603 περιστάντες
1424 534 1721 603 ἐμακάριζον
1746 539 1853 587 τῶν

269 610 499 680 νεηνιέων
524 612 615 680 τὴν
639 611 827 682 ῥώμην·
873 612 924 664 αἶ
957 612 1013 664 δὲ
1040 609 1282 682 Ἀργεῖαι,
1311 611 1403 680 τὴν
1436 613 1627 682 μητέρα
1664 611 1850 672 αὐτῶν,

221 695 245 740 7
271 687 389 743 οἵων
424 689 608 743 τέκνων
643 687 876 757 ἐκύρησε.
921 687 951 755 ἦ
990 689 1045 742 δὲ
1071 687 1235 759 μήτηρ
1269 691 1548 760 περιχαρὴς
1581 690 1740 743 ἐοῦσα
1778 692 1854 764 τῷ

269 790 325 820 τε
365 769 498 840 ἔργῳ
542 768 623 820 καὶ
668 768 730 834 τῇ
775 764 940 836 φήμῃ,
984 769 1158 820 στᾶσα
1198 767 1367 820 ἀντίον
1406 772 1498 821 τοῦ
1538 768 1851 837 ἀγάλματος,

271 848 470 914 εὔχετο,
504 844 699 909 Κλέοβί
732 866 788 897 τε
814 846 896 898 καὶ
923 845 1123 905 Βίτωνι,
1152 848 1291 898 τοῖσι
1324 847 1511 914 ἑωυτῆς
1530 845 1773 906 τέκνοισι,
1804 843 1859 898 οἵ

270 945 355 989 μιν
398 922 643 991 ἐτίμησαν
686 923 941 992 μεγάλως,
985 924 1159 976 δοῦναι
1203 923 1295 991 τὴν
1340 923 1457 977 θεὸν
1496 925 1557 976 τὸ
1598 923 1853 996 ἀνθρώπῳ

231 1010 254 1052 Β
272 1003 444 1069 τυχεῖν
469 999 682 1071 ἄριστόν
709 999 842 1054 ἐστι.
884 1001 1015 1069 μετὰ
1040 998 1225 1068 ταύτην
1240 1003 1297 1055 δὲ
1324 1001 1415 1068 τὴν
1441 1000 1612 1070 εὐχὴν,
1637 1001 1705 1056 ὧς
1732 1001 1852 1054 ἔθυ-

272 1080 371 1132 σάν
409 1099 467 1130 τε
506 1079 588 1131 καὶ
627 1075 978 1146 εὐωχήθησαν,
1023 1079 1467 1148 κατακοιμηθέντες
1506 1080 1560 1132 ἐν
1604 1079 1741 1152 αὐτῷ
1780 1085 1855 1152 τῷ

272 1157 364 1228 ἱρῷ
401 1157 450 1208 οἱ
486 1155 690 1223 νεηνίαι,
726 1156 892 1209 οὐκέτι
931 1156 1239 1224 ἀνέστησαν,
1269 1157 1387 1211 ἀλλ’
1426 1158 1480 1210 ἐν
1506 1157 1645 1210 τέλει
1684 1154 1854 1229 τούτῳ

219 1246 245 1287 9
271 1235 511 1302 ἔσχοντο.
555 1234 778 1304 Ἀργεῖοι
814 1233 872 1287 δέ
907 1235 1089 1303 σφεων
1125 1235 1316 1291 εἰκόνας
1353 1237 1706 1304 ποιησάμενοι,
1736 1235 1853 1289 ἀνέ-

271 1311 430 1364 θεσαν
457 1313 509 1367 ἐς
534 1310 797 1381 Δελφοὺς,
827 1313 895 1367 ὦς
921 1311 1115 1382 ἀνδρῶν
1143 1314 1368 1381 ἀρίστων
1393 1311 1737 1383 γενομένων.”

183 1390 257 1445 32
359 1389 534 1441 Σόλων
572 1391 665 1456 μὲν
707 1387 762 1440 δὲ
813 1387 1125 1454 εὐδαιμονίης
1168 1389 1422 1459 δευτερεῖα
1464 1390 1607 1457 ἔνεμε
1650 1385 1851 1441 τούτοι-

281 1488 354 1520 σι.
426 1469 646 1528 Κροῖσος
678 1465 732 1518 δὲ
770 1463 1063 1530 σπερχθεὶς,
1093 1459 1223 1517 εἶπε·
1292 1461 1406 1517 “Ὠ
1434 1466 1567 1532 ξεῖνε
1592 1464 1851 1532 Ἀθηναῖε,

269 1529 299 1598 ἦ
345 1531 400 1584 δὲ
442 1531 655 1602 ἡμετέρη
703 1533 986 1600 εὐδαιμονίη
1042 1533 1174 1586 οὕτω
1216 1557 1297 1589 τοι
1340 1536 1642 1609 ἀπέρριπται
1696 1541 1750 1596 ἐς
1792 1543 1857 1595 τὸ

268 1609 441 1675 μηδὲν,
473 1611 609 1662 ὥστε
641 1611 758 1664 οὐδὲ
795 1609 1035 1663 ἰδιωτέων
1068 1612 1264 1683 ἀνδρῶν
1301 1615 1477 1682 ἀξίους
1510 1615 1665 1684 ἡμέας
1706 1619 1853 1672 ἐποί-

228 1692 400 1751 2ησας
419 1685 478 1746 ;”
520 1686 580 1739 ‘0
621 1689 676 1740 δὲ
718 1684 846 1741 εἶπε·
894 1684 1001 1740 “Ὠ
1044 1693 1255 1760 Κροῖσε,
1298 1693 1635 1762 ἐπιστάμενόν
1678 1718 1745 1764 με
1791 1698 1854 1750 τὸ

270 1761 406 1814 θεῖον
450 1766 551 1817 πᾶν
591 1765 675 1817 ἐὸν
714 1765 970 1837 φθονερόν
1010 1789 1067 1820 τε
1112 1770 1194 1822 καὶ
1233 1773 1539 1840 ταραχῶδες,
1576 1774 1855 1844 ἐπειρωτᾷς

269 1836 599 1908 ἀνθρωπηίων
628 1845 937 1914 πρηγμάτων
961 1844 1113 1916 πέρι;
1159 1847 1213 1901 ἐν
1249 1849 1351 1920 γὰρ
1376 1853 1447 1923 τῷ
1474 1855 1649 1924 μακρῷ
1674 1855 1851 1924 χρόνῳ

267 1919 444 1970 πολλὰ
473 1919 566 1985 μέν
603 1920 716 1972 ἐστι
757 1921 906 1975 ἰδέειν
941 1924 1005 1976 τὰ
1041 1922 1108 1992 μή
1142 1947 1219 1981 τις
1254 1927 1441 1989 ἐθέλει,
1470 1931 1646 1982 πολλὰ
1682 1931 1737 1983 δὲ
1766 1932 1852 1983 καὶ

213 2008 239 2048 8
267 1994 489 2048 παθέειν·
534 1997 585 2052 ἐς
618 1998 718 2069 γὰρ
755 1999 1105 2068 ἑβδομήκοντα
1140 2004 1253 2057 ἔτεα
1292 2008 1445 2076 οὕρον
1479 2009 1569 2073 τῆς
1604 2009 1719 2074 ζόης
1754 2009 1849 2062 ἀν-

267 2072 453 2146 θρώπῳ
495 2075 788 2146 προτίθημι.
832 2077 974 2130 οὗτοι
1011 2081 1178 2137 ε’όντες
1218 2083 1434 2138 ἐνιαυτοὶ
1476 2084 1845 2153 ἐβδομήκοντα,

264 2151 574 2222 παρέχονται
619 2154 805 2226 ἡμέρας
850 2157 1114 2225 διηκοσίας
1165 2161 1247 2214 καὶ
1291 2164 1711 2232 πεντακισχιλίας
1762 2167 1847 2218 καὶ

223 2237 248 2276 4
268 2229 555 2301 δισμυρίας,
603 2233 890 2302 ἐμβολίμου
934 2238 1090 2303 μηνὸς
1134 2238 1203 2305 μὴ
1249 2239 1533 2310 γινομένου.
1593 2241 1638 2294 εἷ
1681 2243 1737 2295 δὲ
1782 2243 1843 2312 δὴ

266 2306 504 2375 ἐθελήσει
531 2314 770 2382 τοῦτερον
795 2317 896 2365 τῶν
933 2314 1085 2368 ε’τέων
1110 2317 1227 2382 μηνὶ
1252 2319 1562 2389 μακρότερον
1586 2319 1842 2386 γίνεσθαι,

263 2381 344 2436 ἵνα
385 2386 445 2453 δὴ
482 2389 535 2440 αἱ
571 2389 696 2460 ὧραι
737 2391 1065 2457 συμβαίνωσι
1095 2397 1489 2463 παραγινόμεναι
1526 2397 1577 2451 ἐς
1612 2399 1671 2450 τὸ
1706 2399 1839 2459 δέον,

262 2463 413 2528 μῆνες
449 2466 545 2530 μὲν
575 2467 713 2536 παρὰ
746 2469 809 2519 τὰ
846 2467 1193 2535 ἑβδομήκοντα
1229 2472 1343 2524 ἔτεα
1378 2474 1427 2524 οἱ
1456 2474 1728 2542 ἐμβόλιμοι
1755 2478 1839 2547 γί-

263 2558 431 2591 νονται
453 2540 719 2610 τριήκοντα
737 2544 908 2597 πέντε·
951 2545 1129 2616 ἡμέραι
1151 2548 1205 2600 δὲ
1228 2549 1282 2600 ἐκ
1309 2555 1409 2603 τῶν
1433 2559 1601 2619 μηνῶν
1626 2552 1837 2616 τούτων,
