1975 2892
516 123 1052 170 EYTEPHH.—11.
1081 131 1258 185 37-40.
1569 117 1679 170 141

74 241 178 294 τὰς
204 237 393 309 τρίχας
417 239 507 306 τῆς
533 238 702 310 οὐρῆς,
731 237 777 291 εἷ
803 240 929 293 κατὰ
954 236 1124 309 φύσιν
1148 241 1256 310 ἔχει
1282 241 1586 310 πεφυκυίας.
1618 240 1678 310 ἣν
1695 261 1722 302 5

74 320 139 371 δὲ
185 315 385 370 τούτων
424 318 626 370 πάντων
658 312 695 384 ἦ
729 317 964 386 καθαρὸς,
1002 317 1298 385 σημαίνεται
1331 319 1522 392 βύβλῳ
1560 321 1678 391 περὶ

74 397 149 449 τὰ
178 395 334 465 κέρεα
358 393 629 447 είλίσσων·
674 395 756 446 καὶ
792 396 967 448 ἔπειτα
990 398 1089 466 γῆν
1117 397 1431 468 σημαντρίδα
1459 399 1677 452 ἐπιπλά-

78 495 209 534 σας,
267 472 543 537 ἐπιβάλλει
594 473 684 526 τὸν
729 470 1019 526 δακτύλιον·
1084 474 1166 525 καὶ
1219 471 1352 527 οὕτω
1393 475 1676 546 ἀπάγουσι.

76 549 387 618 ἀσήμαντον
412 549 468 604 δὲ
497 548 711 603 θυσαντι
744 549 1010 606 θάνατος’
982 572 1014 618 η
1044 551 1190 619 ζημίη
1225 552 1492 606 ἐπικέεται.
1539 553 1675 605 δοκι·-
1693 569 1720 608 σ

75 631 303 699 μάζεται
336 628 429 696 μέν
460 649 549 682 νυν
582 630 641 681 τὸ
679 629 857 696 κτῆνος
888 631 1062 702 τρόπω
1101 631 1299 703 τοιῷδε.
1513 630 1678 698 Θυσίη
1697 634 1772 690 39

80 708 145 761 δέ
198 707 308 777 σφι
349 706 439 774 ἥδε
490 706 785 774 κατέστηκε.
849 705 1128 779 ἀγαγόντες
1171 709 1230 761 τὸ
1283 706 1680 777 σεσημασμένον

80 787 275 854 κτῆνος
299 785 429 855 πρὸς
453 785 543 837 τὸν
567 786 763 852 βωμὸν,
793 783 914 837 ὅκου
940 785 1004 837 ἂν
1044 782 1228 846 θύωσι,
1255 787 1421 857 πυρὴν
1454 787 1678 840 καίουσι.

78 866 269 918 επειτα
296 862 406 916 δι’
380 858 459 916 επ’
478 862 634 917 αὑτοῦ
654 858 792 916 οἶνον
818 863 944 915 κατὰ
969 867 1063 916 τοῦ
1085 859 1248 934 ἶρηΐου
1265 865 1676 926 ἐπισπείσαντες,
1694 879 1719 920 2

79 943 172 995 καὶ
202 941 600 996 ἐπικαλέσαντες
634 942 723 994 τὸν
763 939 897 1001 θεὸν,
938 942 1224 1010 σφάζουσι·
1271 943 1566 1012 σφάξαντες
1601 944 1676 1006 δὲ,

78 1019 449 1087 ἀποτάμνουσι
490 1019 582 1086 τὴν
613 1018 863 1088 κεφαλήν.
910 1025 1060 1086 σῶμα
1096 1020 1190 1086 μὲν
1235 1020 1296 1088 δὴ
1338 1024 1430 1074 τοῦ
1474 1019 1678 1090 κτήνεος
1695 1037 1719 1076 3

80 1098 348 1169 δείρουσι·
392 1097 595 1166 κεφαλῇ
633 1098 689 1151 δέ
724 1098 859 1164 κείνῃ
898 1097 1078 1150 πολλὰ
1124 1101 1542 1169 καταρησάμενοι,
1577 1098 1675 1169 φέ·

80 1197 267 1248 ρουσι,
298 1178 439 1229 τοῖσι
468 1175 562 1242 μὲν
596 1175 657 1227 ἂν
690 1170 725 1243 ᾖ
750 1174 928 1246 ἀγορὴ,
958 1177 1040 1228 καὶ
1058 1173 1314 1243 Ἕλληνές
1353 1179 1517 1246 σφισι
1553 1178 1680 1230 ἔωσι

84 1251 353 1322 ἐπιδήμιοι
378 1254 612 1322 ἔμποροι,
640 1254 690 1305 οἱ
718 1253 773 1306 δὲ
800 1252 1046 1323 φέροντες
1072 1253 1124 1308 ἐς
1151 1254 1242 1322 τὴν
1267 1255 1476 1326 ἀγορὴν,
1502 1255 1588 1310 ἀπ’
1611 1255 1681 1309 ὧν

84 1333 295 1386 ἔδοντο·
337 1332 477 1385 τοῖσι
510 1331 567 1383 δέ
600 1330 662 1384 ἂν
686 1330 754 1399 μὴ
784 1330 1020 1401 παρέωσι
1037 1330 1308 1399 Ἕλληνες,
1338 1335 1388 1387 οἱ
1415 1332 1459 1386 δ’
1488 1335 1680 1397 ἐκβάλ-

82 1413 255 1465 λουσι
294 1409 345 1464 ἐς
378 1410 467 1462 τὸν
504 1411 750 1477 ποταμόν.
796 1409 1120 1480 καταρέονται
1161 1410 1234 1470 δὲ,
1263 1411 1384 1463 τάδε
1421 1411 1679 1481 λέγοντες,
1700 1420 1726 1462 4

86 1489 221 1556 τῇσι
248 1489 533 1557 κεφαλῇσι·
578 1491 615 1514 “
637 1485 687 1540 εἴ
708 1508 759 1540 τι
784 1488 973 1555 μέλλοι
1001 1485 1031 1554 ἢ
1061 1486 1225 1555 σφίσι
1251 1490 1394 1540 τοῖσι
1421 1487 1622 1550 θύουσι,
1650 1487 1682 1556 ἢ

88 1564 341 1638 Αἰγύπτῳ
367 1567 430 1633 τῇ
457 1566 731 1633 συναπάσῃ
759 1566 913 1618 κακὸν
936 1563 1199 1634 γενέσθαι,
1222 1565 1275 1620 ἐς
1301 1565 1534 1634 κεφαλὴν
1557 1565 1682 1620 ταῦ-

89 1667 187 1712 την
222 1639 570 1716 τραπέσθαι.”
613 1644 756 1696 Κατὰ
789 1641 883 1710 μέν
908 1663 998 1695 νυν
1029 1642 1121 1696 τὰς
1159 1640 1392 1712 κεφαλὰς
1425 1649 1526 1698 τῶν
1561 1644 1680 1698 θυο-
1697 1655 1724 1696 ⁶

91 1723 259 1791 μένων
280 1720 513 1790 κτηνέων,
532 1721 616 1774 καὶ
630 1721 721 1790 τὴν
737 1721 1036 1775 ἐπίσπεισιν
1051 1722 1142 1772 τοῦ
1160 1717 1316 1781 οἴνου,
1326 1722 1510 1777 πάντες
1525 1721 1681 1794 Αίγύ-

92 1821 239 1855 πτιοι
259 1802 463 1869 νόμοισι
482 1801 622 1852 τοῖσι
650 1800 855 1854 αὐτοῖσι
880 1799 1132 1868 χρέωνται
1151 1799 1338 1868 ὁμοίως
1365 1801 1416 1856 ἐς
1435 1802 1598 1855 πάντα
1618 1802 1682 1855 τὰ

96 1880 204 1949 ἱρά·
254 1878 335 1931 καὶ
380 1877 481 1931 ἀπὸ
522 1874 709 1930 τούτου
754 1880 847 1930 τοῦ
890 1879 1065 1944 νόμου,
1104 1877 1222 1931 οὐδὲ
1265 1878 1432 1932 ἄλλου
1477 1879 1683 1936 οὐδενὸς

99 1954 347 2026 ἐμψῦχου
372 1956 603 2025 κεφαλῆς
625 1953 869 2026 γεῦσεται
894 1955 1188 2024 Αἰγυπτίων
1219 1957 1404 2013 οὐδείς.
1611 1957 1678 2012 ‘H
1701 1959 1780 2011 40

99 2036 156 2088 δὲ
181 2034 245 2102 δὴ
275 2033 529 2104 ἐξαίρεσις
566 2037 668 2086 τῶν
696 2035 817 2104 ἱρῶν
844 2033 927 2086 καὶ
951 2032 981 2101 ἡ
1012 2038 1192 2091 καῦσις
1228 2035 1364 2103 άλλη
1391 2037 1510 2107 περὶ
1548 2037 1682 2090 ἄλλο

102 2114 213 2182 ἱρόν
258 2113 365 2180 σφι
405 2110 701 2178 κατέστηκε.
747 2111 838 2179 τὴν
884 2108 930 2164 δ’
970 2110 1040 2162 ὦν
1079 2113 1330 2183 μεγίστην
1373 2135 1431 2166 τε
1473 2113 1684 2182 δαίμονα

102 2191 309 2260 ἥγηνται
341 2184 483 2254 εἶναι,
526 2189 607 2241 καὶ
642 2189 893 2260 μεγίστην
928 2189 977 2240 οἱ
1013 2189 1168 2258 ὁρτὴν
1198 2190 1465 2260 ἀνάγουσι,
1499 2190 1684 2258 ταύτην
1725 2226 1730 2234 -

103 2270 317 2338 ἔρχομαι
356 2264 528 2338 ἐρέων.
574 2267 729 2320 ἐπεὰν
768 2265 1084 2336 ἀποδείρωσι
1123 2267 1213 2320 τὸν
1246 2270 1396 2330 βοῦν,
1438 2268 1678 2334 κατευξά-
1702 2277 1728 2317 Ι

103 2365 261 2414 μενοι,
290 2345 487 2412 κοιλίην
510 2345 604 2413 μὲν
630 2345 793 2413 κεινὴν
817 2347 994 2398 πᾶσαν
1021 2344 1081 2410 ἐξ
1109 2343 1178 2397 ὧν
1211 2339 1376 2404 εἷλον,
1407 2347 1685 2415 σπλάγχνα

105 2423 161 2477 δέ
188 2423 341 2476 αὐτοῦ
367 2423 613 2476 λείπουσι
638 2423 693 2476 ἐν
717 2427 789 2496 τῷ
816 2423 1018 2489 σώματι
1044 2423 1126 2474 καὶ
1151 2421 1242 2489 τὴν
1266 2421 1504 2490 πιμελήν·
1563 2424 1686 2476 σκέ·

107 2504 203 2554 λεα
246 2502 300 2553 δὲ
346 2501 719 2568 ἀποτάμνουσι,
762 2501 845 2552 καὶ
883 2498 975 2567 τὴν
1014 2498 1191 2568 ὀσφὺν
1229 2499 1418 2569 ἄκρην,
1447 2499 1529 2552 καὶ
1568 2501 1687 2556 τοὺς

110 2578 272 2642 ὤμους
310 2599 366 2631 τε
406 2579 489 2632 καὶ
528 2580 619 2632 τὸν
658 2579 937 2648 τράχηλον.
980 2580 1139 2629 ταῦτα
1177 2576 1235 2630 δὲ
1270 2574 1593 2644 ποιήσαντες,
1626 2579 1686 2632 τὸ
1711 2589 1736 2630 8
