1975 2892
111 201 343 251 meaa]
415 140 1393 199 MEAnoMENH.——1v.164-168.
1589 135 1702 188 383

110 263 208 327 μὲν
233 260 333 329 γὰρ
368 258 588 327 χρυσίον
615 256 966 326 καθαρώτατον
1002 253 1281 325 ἀπεψῆσας
1307 257 1357 310 ἐς
1384 258 1443 309 τὸ
1472 257 1689 310 δυνατώ·

115 357 290 395 τατον,
313 338 534 404 νόμισμα
555 336 800 404 ἐκόψατο·
844 333 1119 403 Ἀρυάνδης
1140 335 1194 386 δὲ
1214 334 1388 404 ἅρχων
1412 334 1685 406 Αἰγύπτου,

111 412 357 484 ἀργύριον
401 415 564 466 τώυτὸ
610 416 762 465 τοῦτο
806 411 990 465 ἐποίεε·
1036 413 1118 464 καὶ
1164 416 1252 464 νῦν
1298 413 1412 465 ἐστὶ
1453 412 1699 484 ἀργύριον

119 492 473 562 καθαρώτατον
519 493 578 544 τὸ
619 490 963 559 Ἀρυανδικόν.
1032 490 1207 558 μαθὼν
1251 491 1308 543 δὲ
1355 494 1567 560 Δαρεῖός
1610 513 1697 560 μιν
1711 505 1737 546 4

115 573 278 622 ταῦτα
302 574 557 629 ποιεῦντα,
588 568 751 636 αἰτίην
777 569 825 620 οἱ
861 567 1027 634 ἅλλην
1054 568 1323 627 ἐπενείκας,
1355 569 1423 622 ὥς
1449 570 1498 620 οἱ
1526 571 1693 623 ἐπανι-

117 648 345 709 στέαιτο,
391 647 667 700 ἀπέκτεινε.
907 649 1035 699 Τότε
1070 646 1125 699 δὲ
1162 645 1310 701 οὗτος
1356 650 1385 699 6
1425 645 1696 716 Ἀρυάνδης
1722 647 1832 707 167

117 727 461 795 κατοικτείρας·
514 725 806 794 Φερετίμην,
865 725 1000 777 διδοῖ
1049 725 1175 792 αὐτῇ
1228 726 1450 794 στρατὸν
1500 728 1590 778 τὸν
1643 727 1697 792 ἐξ

119 801 382 873 Αἰγύπτου
435 803 648 862 ἅπαντα,
699 804 780 855 καὶ
831 804 922 855 τὸν
972 804 1126 867 πεζὸν
1177 803 1259 854 καὶ
1308 805 1397 855 τὸν
1450 807 1695 857 ναυτικόν·

121 882 414 951 στρατηγὸν
454 881 509 934 δέ
546 884 638 933 τοῦ
677 881 769 948 μέν
806 881 961 945 πεζοῦ
1002 878 1233 948 ’Ἀμασιν
1270 881 1501 946 ἀπέδεξε,
1547 883 1701 952 ἄνδρα

118 960 424 1028 Μαράφιον·
468 962 559 1010 τοῦ
585 959 642 1011 δὲ
669 962 901 1011 ναυτικοῦ
928 959 1145 1028 Βάδρην,
1177 959 1322 1011 ἐόντα
1357 962 1705 1030 Πασαργάδην

115 1037 289 1106 γένος.
332 1037 452 1106 πρὶν
480 1036 534 1089 δὲ
562 1034 591 1104 ἢ
621 1037 929 1089 ἀποστεῖλαι
955 1036 1048 1103 τὴν
1084 1037 1343 1106 στρατιὴν,
1374 1040 1403 1091 6
1428 1036 1699 1107 Ἀρυάνδης
1719 1051 1744 1091 2

118 1114 339 1184 πέμψας
379 1115 432 1170 ἐς
471 1115 562 1181 τὴν
615 1115 810 1184 Βάρκην
849 1113 1055 1184 κήρυκα,
1100 1115 1403 1167 ἐπυνθάνετο
1444 1115 1521 1170 τίς
1561 1113 1635 1178 εἴη
1676 1120 1705 1170 6

111 1192 469 1263 Ἀρκεσίλεων
489 1192 803 1246 ἀποκτείνας.
833 1193 882 1244 οἱ
905 1193 959 1245 δέ
981 1195 1217 1262 Βαρκαῖοι
1238 1193 1382 1246 αὐτοὶ
1404 1193 1703 1248 ὑποδεκέατο
1723 1209 1747 1250 8

116 1273 328 1327 πάντες·
383 1271 560 1324 πολλά
602 1291 658 1322 τε
702 1272 802 1341 γὰρ
847 1271 927 1323 καὶ
969 1271 1096 1323 κακὰ
1138 1272 1363 1340 πάσχειν
1403 1270 1486 1325 ὑπ’
1530 1273 1703 1325 αὐτοῦ.

118 1347 409 1416 πυθόμενος
436 1349 491 1401 δὲ
518 1351 674 1401 ταῦτα
709 1350 738 1401 6
762 1347 1056 1419 Ἀρυάνδης,
1086 1346 1218 1400 οὕτω
1255 1349 1315 1415 δὴ
1343 1349 1435 1416 τὴν
1467 1350 1711 1419 στρατιὴν

123 1424 404 1481 ἀπέστειλε
430 1426 532 1493 ἅμα
558 1430 619 1494 τῇ
656 1427 922 1496 Φερετίμῃ.
1006 1423 1143 1494 Αὕτη
1178 1426 1271 1494 μέν
1306 1448 1394 1479 νυν
1420 1427 1552 1494 αἰτίη
1579 1429 1706 1497 πρό·
1726 1441 1752 1482 4

123 1523 310 1572 σχημα
335 1508 427 1556 τοῦ
452 1507 616 1571 λόγου
643 1504 853 1574 ἐγίνετο·
897 1505 1219 1572 ἀπεπέμπετο
1248 1503 1360 1571 δέἡ
1389 1505 1621 1575 στρατιὴ,
1645 1507 1713 1561 ὣς

127 1579 246 1648 ἐμοὶ
273 1583 480 1642 δοκέειν,
509 1583 592 1635 ἐπὶ
628 1580 832 1646 Λιβύων
857 1584 1211 1652 καταστροφῇ.
1296 1581 1500 1646 Λιβύων
1524 1584 1623 1653 γὰρ
1651 1583 1711 1651 δὴ

131 1659 282 1712 ἔθνεα
331 1661 509 1713 πολλὰ
560 1660 642 1712 καὶ
693 1662 909 1713 παντοῖά
961 1661 1095 1713 ἐστι·
1157 1661 1239 1712 καὶ
1292 1661 1355 1712 τὰ
1406 1661 1499 1728 μὲν
1550 1662 1715 1714 αὐτῶν

127 1737 291 1808 ὀλίγα
339 1738 592 1802 βασιλέος
643 1735 704 1805 ἦν
758 1737 966 1806 ὑπήκοα,
1024 1739 1088 1790 τὰ
1140 1739 1195 1792 δὲ
1240 1739 1382 1791 πλέω
1450 1739 1717 1810 ἐφρόντιζε

136 1815 356 1886 Δαρείου
382 1817 547 1870 οὐδέν.
819 1881 824 1886 ,
1668 1851 1682 1861 ·

217 1895 453 1946 Οἶκέουσι
491 1893 546 1945 δὲ
584 1891 710 1944 κατὰ
749 1893 866 1944 τάδε
905 1891 1107 1954 Λίβυες.
1188 1888 1302 1942 Ἀπ’
1338 1887 1594 1961 Αἰγύπτου
1629 1890 1718 1961 ἀρ·
1738 1885 1853 1941 168

136 1971 360 2041 ξάμενοι,
403 1977 594 2037 πρῶτοι
635 1969 1004 2038 Ἀδυρμαχίδαι
1048 1967 1251 2033 Λιβύων
1294 1970 1623 2036 κατοίκηνται·
1674 1965 1721 2023 οἳ

140 2052 344 2116 νόμοισι
379 2047 472 2114 μὲν
507 2047 570 2099 τὰ
604 2046 748 2099 πλέω
784 2045 1113 2116 Αἰγυπτίοισι
1148 2045 1415 2115 χρέωνται,
1446 2043 1638 2111 ἐσθῆτα
1663 2045 1721 2097 δὲ

142 2126 398 2198 φορέουσι
419 2121 527 2192 οἴην
545 2145 643 2194 περ
663 2125 712 2176 οἱ
732 2123 889 2175 ἄλλοι
917 2123 1122 2185 Λίβυες.
1161 2125 1213 2175 αἱ
1234 2124 1290 2175 δὲ
1308 2125 1540 2192 γυναῖκες
1558 2122 1721 2174 αὐτῶν
1740 2130 1767 2170 ²

142 2205 338 2275 ψέλιον
377 2203 494 2273 περὶ
535 2202 741 2272 ἑκατέρῃ
781 2206 883 2253 τῶν
923 2199 1147 2268 κνημέων
1185 2201 1441 2271 φορέουσι
1479 2200 1720 2267 χάλκεον·

145 2283 236 2337 τὰς
273 2282 504 2350 κεφαλὰς
539 2281 594 2333 δὲ
631 2285 879 2347 κομῶσαι,
919 2278 1038 2332 τοὺς
1073 2277 1291 2347 φθεῖρας
1325 2278 1479 2330 ἐπεὰν
1512 2277 1724 2341 λάβωσι

147 2359 265 2414 τοὺς
297 2360 485 2426 ἑωυτῆς
520 2359 709 2425 ἑκάστη
746 2357 1043 2417 ἀντιδάκνει,
1080 2356 1161 2408 καὶ
1195 2353 1328 2409 οὕτω
1353 2354 1540 2425 ῥίπτει.
1585 2352 1727 2408 οὗτοι
1745 2366 1771 2408 8

149 2439 204 2490 δὲ
246 2441 424 2505 μοῦνοι
468 2434 672 2499 Λιβύων
713 2438 866 2488 τοῦτο
907 2435 1221 2505 ἐργάζονται·
1278 2435 1361 2486 καὶ
1403 2437 1473 2506 τῷ
1515 2432 1732 2497 βασιλέῖ

149 2519 328 2583 μοῦνοι
379 2514 470 2569 τὰς
521 2513 802 2583 παρθένους
862 2511 1163 2580 μελλούσας
1214 2512 1493 2565 συνοικέειν
1544 2511 1731 2563 ἐπιδει-

156 2589 380 2647 κνύουσι·
426 2589 456 2660 ἦ
479 2592 533 2644 δὲ
554 2591 616 2644 ἂν
635 2593 705 2665 τῷ
731 2590 950 2655 βασιλέϊ
973 2589 1166 2662 ἀρεστὴ
1186 2591 1407 2663 γένηται,
1429 2589 1529 2644 ὑπὸ
1550 2584 1738 2642 τούτου·
