1975 2892
289 129 362 184 14
859 141 1264 186 ΗΡοΔοΤοΥ

1623 197 1692 244 [A.
1711 197 1756 236 0.
1776 198 1871 240 660.

241 251 266 292 5
281 249 546 318 Ἑλλήνων
564 250 812 306 τίσωνταί
838 274 920 314 σε,
944 253 1063 308 τοὺς
1085 252 1154 306 σὺ
1175 254 1445 306 δουλώσας
1466 253 1599 320 ἔχεις
1620 250 1681 313 ;”
1726 254 1869 322 Κάρ-

283 350 345 382 τα
373 351 429 381 τε
454 329 671 398 ἡσθῆναι
700 333 929 401 Κροῖσον
953 336 1027 404 τῷ
1048 330 1293 403 ἐπιλόγῳ·
1339 330 1422 382 καί
1446 332 1496 384 οἱ
1526 327 1873 402 (προσφυέως

283 409 381 478 γὰρ
403 407 547 474 δόξαι
566 405 764 480 λέγειν)
792 409 1110 477 πειθόμενον,
1132 408 1435 463 παύσασθαι
1456 411 1545 477 τῆς
1567 407 1865 478 ναυπηγίης-

243 491 269 532 6
288 488 370 538 καὶ
390 483 523 538 οὕτω
544 490 684 539 τοῖσι
708 487 800 541 τὰς
821 484 1011 555 νήσους
1032 486 1348 555 οἰκημένοισι
1359 482 1517 542 Ἴωσι
1540 485 1729 554 ξεινίην
1751 507 1883 539 συν-

286 562 518 632 εθῆκατο.

193 644 268 695 28
369 644 569 712 Χρόνου
626 641 682 694 δὲ
749 639 1112 710 ἐπιγινομένου,
1171 636 1624 708 κατεστραμμένων
1675 637 1875 705 σχεδὸν

289 721 490 774 πάντων
541 722 642 770 τῶν
694 717 833 773 ἐντὸς
872 715 1067 772 Ἀλυος
1110 719 1341 783 ποταμοῦ
1388 713 1678 803 οἰκημένων·
1730 716 1875 781 πλὴν

290 792 389 860 γὰρ
419 787 643 842 Κιλίκων
669 789 750 841 καὶ
770 787 982 852 Λυκίων,
1014 785 1134 841 τοὺς
1160 784 1354 839 ἅλλους
1379 785 1571 838 πάντας
1597 782 1678 837 ὑπ’
1702 785 1880 857 ἑωυτῷ

292 863 400 935 εἶχε
437 866 924 936 καταστρεψάμενος
951 865 983 918 ὁ
1016 867 1264 934 Κροῖσος·
1308 863 1413 915 εἶσὶ
1449 862 1503 914 δὲ
1540 858 1665 922 οἶδε,
1696 837 1875 920 Amavi,

292 943 505 1014 Φρύγες,
551 945 744 1004 Μυσοὶ,
795 943 1155 1014 Μαριανδυνοι,
1200 943 1457 1006 Χάλυβες,
1506 941 1875 1011 Παφλαγόνες,

293 1021 524 1090 Θρήϊκες,
567 1023 616 1074 οἱ
649 1021 804 1074 Θυνοί
841 1043 899 1074 τε
929 1022 1013 1075 καὶ
1059 1020 1279 1080 Βιθυνοὶ,
1316 1022 1497 1090 Κᾶρες,
1522 1016 1716 1079 Ἴωνες,
1757 1027 1873 1071 Δω-

197 1100 274 1154 29
290 1097 439 1171 ριέες,
469 1099 697 1160 Αἰολέες,
721 1101 1028 1169 Πάμφυλοι·
1197 1095 1649 1168 κατεστραμμένων
1677 1097 1733 1150 δὲ
1754 1095 1874 1148 τού·

291 1201 410 1240 των,
455 1180 536 1232 καὶ
570 1176 1053 1247 προσεπικτωμένου
1081 1177 1312 1248 Κροίσου
1348 1176 1582 1236 Λυδοῖσι,
1611 1174 1874 1229 ἀπικνέον-

292 1278 376 1310 ται
417 1256 469 1311 ε’ς
496 1257 678 1325 Σάρδις
713 1254 1037 1324 ἀκμαζούσας
1074 1257 1286 1327 πλούτῳ
1322 1253 1478 1307 ἄλλοι
1514 1275 1571 1306 τε
1611 1256 1661 1306 οἱ
1687 1254 1878 1308 πάντες

292 1333 350 1387 ἐκ
377 1337 466 1403 τῆς
491 1333 747 1389 Ἑλλάδος
784 1335 1059 1402 σοφισταὶ,
1090 1331 1140 1386 οἳ
1170 1337 1353 1386 τοῦτον
1379 1334 1469 1386 τὸν
1506 1334 1696 1402 χρόνον
1724 1330 1875 1403 ἐτύγ-

249 1433 274 1472 2
293 1435 452 1482 χανον
480 1414 662 1473 ἐόντες,
694 1413 762 1468 ὧς
794 1411 1010 1467 ἕκαστος
1045 1413 1209 1465 αὐτῶν
1235 1412 1539 1464 ἀπικνέοιτο·
1586 1411 1667 1464 καὶ
1704 1410 1765 1478 δὴ
1794 1411 1879 1463 καὶ

300 1494 492 1554 Σόλων,
522 1491 647 1562 ἀνὴρ
665 1489 948 1559 Ἀθηναῖος,
971 1489 1029 1545 ὃς
1042 1489 1359 1554 Ἀθηναίοισι
1386 1492 1569 1557 νόμους
1595 1486 1880 1542 κελεύσασι

293 1567 532 1636 ποιήσας,
561 1567 858 1636 ἀπεδήμησε
897 1570 1012 1621 ἔτεα
1038 1569 1174 1630 δέκα,
1206 1569 1331 1621 κατὰ
1370 1567 1579 1639 θεωρίης
1605 1569 1880 1637 πρόφασιν

297 1647 586 1710 ἐκπλώσας,
615 1644 695 1701 ἵνα
719 1647 781 1715 δὴ
809 1644 876 1714 μή
916 1668 1030 1699 τινα
1055 1652 1156 1699 τῶν
1182 1649 1347 1714 νόμων
1382 1646 1677 1716 ἀναγκασθῇ
1714 1649 1881 1698 λῦσαι

252 1742 275 1783 8
296 1730 398 1777 τῶν
438 1725 602 1778 ἔθετο.
647 1725 791 1778 αὐτοὶ
829 1726 932 1796 γὰρ
970 1725 1063 1778 οὔκ
1103 1721 1205 1778 οἶοί
1244 1747 1301 1777 τε·
1339 1722 1473 1790 ἦσαν
1506 1725 1630 1776 αὐτὸ
1660 1726 1883 1791 ποιῆσαι

294 1801 570 1868 Ἀθηναῖοι·
615 1803 839 1872 ὁρκίοισι
856 1803 957 1874 γὰρ
983 1804 1262 1873 μεγάλοισι
1290 1803 1604 1870 κατείχοντο,
1628 1801 1747 1855 δέκα
1764 1804 1884 1856 ἔτεα

199 1885 275 1940 30
295 1877 590 1950 χρήσεσθαι
617 1883 820 1948 νόμοισι
845 1881 966 1935 τοὺς
990 1880 1053 1934 ἄν
1080 1883 1185 1950 σφι
1212 1884 1388 1934 Σόλων
1414 1881 1581 1948 θῆται.
1772 1881 1878 1933 Αὔ-

297 1962 398 2010 τῶν
425 1957 486 2025 δὴ
524 1957 593 2010 ὧν
627 1956 820 2013 τούτων
845 1959 928 2012 καὶ
959 1961 1050 2026 τῆς
1086 1959 1296 2029 θεωρίης
1324 1957 1611 2027 ἐκδημήσας
1646 1962 1675 2012 ὁ
1702 1961 1884 2013 Σόλων

298 2031 500 2096 εἵνεκεν,
531 2036 582 2091 ἐς
608 2033 867 2107 Αἴγυπτον
899 2037 1107 2090 ἀπίκετο
1142 2039 1281 2108 παρὰ
1300 2036 1549 2106 ἸἈμασιν,
1578 2038 1661 2090 καὶ
1698 2037 1758 2104 δὴ
1797 2040 1881 2092 καὶ

250 2131 277 2172 2
301 2113 351 2168 ἐς
385 2114 566 2185 Σάρδις
595 2115 733 2184 παρὰ
773 2118 1019 2186 Κροῖσον.
1063 2116 1365 2184 ἀπικόμενος
1396 2117 1471 2177 δὲ,
1514 2116 1783 2182 ἐξεινίζετο
1826 2118 1883 2170 ἐν

297 2194 439 2245 τοῖσι
479 2187 810 2259 βασιληίοισι
855 2194 954 2247 ὑπὸ
997 2197 1091 2247 τοῦ
1136 2193 1382 2265 Κροίσου·
1424 2195 1552 2262 μετὰ
1598 2194 1674 2255 δὲ,
1718 2193 1879 2265 ἡμέρῃ

298 2270 443 2338 τρίτῃ
487 2268 518 2338 ἢ
562 2272 792 2340 τετάρτῃ.
841 2269 1182 2328 κελεύσαντος
1235 2272 1483 2343 Κροίσου,
1529 2274 1619 2326 τὸν
1670 2275 1881 2326 Σόλωνα

299 2348 604 2417 θεράποντες
629 2351 874 2419 περιῆγον
900 2352 1027 2402 κατὰ
1052 2350 1173 2404 τοὺς
1200 2349 1505 2420 θησαυροὺς,
1536 2353 1618 2404 καὶ
1650 2351 1876 2404 ἐπεδείκ-

250 2441 276 2482 8
298 2445 460 2477 νυσαν
485 2427 648 2479 πάντα
673 2427 819 2478 ἐόντα
844 2429 1045 2496 μεγάλα
1070 2449 1128 2480 τε
1155 2429 1237 2480 καὶ
1264 2427 1437 2491 ὄλβια.
1483 2429 1803 2530 θηησαμενον
1824 2427 1880 2482 δέ

299 2522 384 2565 μιν
422 2502 486 2552 τὰ
521 2502 685 2555 πάντα
726 2504 807 2554 καὶ
850 2505 1183 2572 σκεψάμενον
1221 2505 1289 2559 ὥς
1328 2528 1376 2558 οι
1419 2509 1543 2559 κατὰ
1584 2509 1757 2604 καιρὸν
1796 2505 1873 2575 ἦν,

253 2597 278 2637 4
301 2574 462 2648 εἴρετο
501 2581 532 2631 ὅ
578 2582 803 2649 Κροῖσος
842 2581 980 2633 τάδε·
1029 2586 1127 2608 “““’
1084 2585 1228 2638 μεῖνε
1266 2581 1518 2651 Ἀθηναιε,
1561 2585 1681 2658 παρ’
1723 2584 1876 2655 ἡμέας

1948 0 1965 180 1

1962 205 1967 312 Ι
