1975 2892
278 101 385 155 104
852 112 1257 155 ΗΡοΔοτοΥ

1615 170 1690 218 [A.
1707 171 1756 209 c.
1779 172 1874 210 538.

264 226 598 293 ἐπηπείλησε,
636 222 770 277 οὕτω
807 223 867 293 δῆ
909 248 998 293 μιν
1030 225 1250 278 ἀσθενέα
1291 221 1543 292 ποιήσειν,
1585 226 1731 277 ὥστε
1769 229 1872 278 τοῦ

263 308 452 357 λοιποῦ
472 304 554 356 καὶ
572 305 812 374 γυναῖκάς
829 326 917 370 μιν
936 305 1199 363 εὐπετέως,
1223 306 1282 356 τὸ
1308 306 1432 371 γόνυ
1451 304 1512 355 οὗ
1532 302 1868 372 βρεχούσας,

225 393 252 435 8
268 380 628 449 διαβήσεσθαι.
672 382 799 449 μετὰ
826 383 881 436 δέ
902 382 994 449 τὴν
1014 382 1246 449 ἀπειλὴν,
1268 382 1436 449 μετεὶς
1453 382 1546 449 τὴν
1565 382 1650 433 ἐπὶ
1679 384 1865 445 Βαβυ-

265 464 405 514 λῶνα
432 462 761 530 στράτευσιν,
786 459 972 530 διαίρεε
998 460 1090 527 τὴν
1111 460 1354 530 στρατιὴν
1380 460 1518 527 δίχα.
1565 460 1757 512 διελὼν
1784 461 1867 522 δέ,

267 538 515 593 κατέτεινε
568 539 921 607 σχοινοτενέας
972 538 1224 604 ὑποδέξας
1271 538 1522 608 διώρυχας
1561 538 1868 607 ὀγδώκοντα

267 618 350 671 καὶ
390 618 567 671 ἑκατὸν
616 616 734 687 παρ’
777 618 1014 682 ἑκάτερον
1051 618 1111 669 τὸ
1164 618 1344 685 χεῖλος
1381 616 1726 686 τετραμμένας
1765 621 1868 669 τοῦ

228 706 256 748 4
269 693 467 749 Γῦνδεω
500 698 663 749 πάντα
690 698 898 765 τρόπον.
944 695 1184 761 διατάξας
1211 695 1266 747 δὲ
1293 697 1382 747 τὸν
1418 696 1658 763 στρατὸν,
1689 692 1863 764 ἀρύσ-

269 796 383 827 σειν
409 774 630 828 ἐκέλευε.
674 769 757 826 οἶα
792 774 847 826 δὲ
874 773 1061 840 ὁμίλου
1086 770 1294 826 πολλοῦ
1320 772 1675 843 ἐργαζομένου,
1707 776 1866 840 ἤνετο

268 872 361 919 μεν
410 854 471 903 τὸ
510 853 677 921 εργον,
720 851 857 920 ὅμως
907 851 1081 918 μέντοι
1119 851 1212 919 τὴν
1249 850 1446 922 θερείην
1483 853 1659 904 πᾶσαν
1697 851 1866 905 αυτοῦ

145 926 423 996 19Οταῦτῃ
452 929 723 999 διέτριψαν
756 931 1098 1000 ἐργαζόμενα.
1337 928 1429 985 Ὦς
1455 929 1512 981 δὲ
1537 930 1626 981 τὸν
1661 928 1865 996 Γύνδην

269 1006 551 1074 ποταμὸν’
524 1007 731 1060 ετίσατο
768 1011 952 1077 Κῦρος,
982 1008 1034 1062 ἐς
1059 1009 1353 1079 τριηκοσίας
1380 1009 1462 1060 καὶ
1489 1005 1737 1073 εξὴκοντά
1773 1031 1866 1075 μιν

270 1085 523 1155 διώρυχας
543 1086 821 1149 διαλαβὼν,
847 1086 930 1139 καὶ
950 1087 1010 1138 τὸ
1031 1084 1268 1155 δεύτερον
1287 1087 1376 1156 ἔαρ
1397 1086 1689 1152 ὑπέλαμπε,
1721 1085 1862 1139 οὕτω

230 1174 255 1215 2
272 1162 331 1229 δὴ
359 1164 547 1230 ἤλαυνε
568 1163 651 1217 ἐπὶ
670 1164 761 1231 τὴν
787 1166 1088 1227 Βαβυλῶνα.
1132 1166 1181 1217 οἴ
1209 1165 1263 1219 δὲ
1293 1165 1612 1228 Βαβυλώνιοι
1634 1163 1860 1234 ἐκστρα-

270 1241 589 1307 τευσάμενοι,
632 1242 810 1308 ἔμενον
860 1242 1031 1295 αὐτόν.
1094 1243 1204 1296 ἐπεὶ
1257 1242 1315 1296 δέ
1366 1241 1568 1313 ἐγένετο
1621 1242 1862 1296 ἐλαύνων

272 1319 439 1389 ἀγχοῦ
476 1321 567 1386 τῆς
604 1322 805 1379 πόλιος,
849 1320 1143 1384 συνέβαλόν
1193 1342 1250 1373 τε
1288 1322 1338 1373 οἱ
1391 1321 1731 1384 Βαβυλώνιοι,
1778 1323 1862 1375 καὶ

230 1408 255 1449 8
274 1390 595 1451 ἑσσωθέντες
627 1402 689 1465 τῇ
722 1395 879 1467 μάχῃ,
908 1396 1284 1465 κατειλήθησαν
1318 1399 1371 1454 ἐς
1403 1398 1464 1451 τὸ
1490 1398 1642 1451 ἄστυ.
1688 1395 1775 1451 οἶα
1803 1400 1860 1453 δὲ

274 1475 659 1543 ἐξεπιστάμενοι
687 1476 761 1528 ἔτι
787 1482 1040 1547 πρότερον
1065 1479 1156 1529 τὸν
1190 1481 1360 1546 Κῦρον
1385 1476 1478 1528 οὐκ
1503 1477 1856 1547 ἀτρεμίζοντα,

274 1553 393 1606 ἀλλ’
436 1554 664 1623 ὁρέοντες
702 1555 855 1607 αὐτὸν
892 1556 1043 1608 παντὶ
1083 1555 1218 1609 ἔθνεϊ
1261 1555 1448 1623 ὁμοίως
1487 1556 1860 1625 ἐπιχειρέοντα,

231 1642 255 1681 4
274 1632 628 1701 προεσάξαντο
682 1632 823 1685 σιτία
874 1632 1026 1685 ἐτέων
1078 1634 1236 1699 κάρτα
1292 1636 1524 1687 πολλῶν.
1605 1633 1860 1687 Ἐνθαῦτα

275 1708 417 1763 οὗτοι
442 1711 535 1778 μὲν
557 1714 721 1782 λόγον
747 1707 887 1779 εἶχον
912 1713 1006 1778 τῆς
1036 1711 1336 1782 πολιορκίης
1361 1710 1560 1763 οὐδένα·
1605 1716 1775 1781 Κῦρος
1804 1714 1858 1765 δὲ

276 1788 521 1859 ἀπορίῃσι
558 1788 799 1859 ἐνείχετο,
829 1788 917 1841 ὅτε
951 1792 1144 1859 χρόνου
1178 1810 1236 1842 τε
1271 1789 1598 1861 ἐγγινομένου
1635 1794 1855 1858 συχνοῦ,

276 1865 508 1935 ἀνωτέρω
568 1887 625 1919 τε
677 1867 825 1919 οὗδεν
881 1872 984 1921 τῶν
1041 1869 1352 1961 πρηγμάτων
1407 1868 1855 1937 προκοπτομένων.

144 1942 247 1994 191
282 1938 401 1992 Εἴτε
438 1942 501 2009 δὴ
537 1941 607 1995 ὧν
641 1942 804 2002 ἄλλος
842 1946 891 1996 οῖ
931 1944 1198 2015 ἀπορέοντι
1240 1942 1542 2011 ὑπεθήκατο,
1581 1943 1630 1996 εἶ
1668 1966 1726 1995 τε
1769 1965 1850 1997 και

225 2031 251 2071 2
278 2018 428 2074 αὐτὸς
463 2018 619 2087 ἔμαθε
650 2021 713 2072 τὸ
746 2021 983 2087 ποιητέον
1018 2020 1129 2075 οἷ’
1100 2044 1176 2089 ην,
1207 2022 1374 2077 ἐποίεε
1409 2022 1470 2089 δὴ
1505 2022 1717 2075 τοιόνδε.
1757 2024 1850 2075 τά-

276 2097 371 2163 ξας
404 2096 495 2165 τὴν
522 2098 767 2168 στρατιὴν
793 2099 1001 2153 ἅπασαν
1035 2100 1094 2167 ἐξ
1131 2100 1360 2169 ἐμβολῆς
1385 2103 1476 2153 τοῦ
1510 2104 1756 2168 ποταμοῦ,
1787 2105 1851 2168 τῇ

278 2174 331 2229 ἐς
368 2173 461 2242 τὴν
498 2177 654 2228 πόλιν
694 2176 968 2239 ἐσβάλλει,
1012 2178 1093 2229 καὶ
1133 2176 1320 2230 ὄπισθε
1359 2176 1500 2232 αὖτις
1539 2180 1629 2245 τῆς
1672 2182 1862 2235 πόλιος

276 2253 433 2319 τάξας
453 2252 671 2323 ἐτέρους,
695 2258 755 2320 τῇ
776 2254 901 2321 ἐξίει
922 2254 976 2306 ἐκ
997 2256 1088 2322 τῆς
1105 2259 1288 2310 πόλιος
1307 2258 1336 2308 ὁ
1356 2260 1602 2325 ποταμός·
1644 2261 1862 2325 προεῖπε

277 2332 349 2401 τῷ
377 2334 599 2403 στρατῷ,
622 2330 743 2383 ὅταν
762 2334 1006 2395 διαβατὸν
1024 2334 1083 2385 τὸ
1108 2331 1319 2403 ῥέεθρον
1337 2331 1542 2387 ἴδωνται
1566 2338 1860 2405 γενόμενον,

230 2415 255 2455 8
280 2405 468 2458 ἐσιέναι
493 2406 649 2475 ταύτῃ
678 2410 730 2463 ἐς
755 2410 845 2476 τὴν
868 2412 1044 2462 πόλιν.
1089 2408 1222 2463 οὕτω
1248 2433 1305 2464 τε
1331 2412 1392 2479 δὴ
1421 2414 1594 2479 τάξας,
1625 2435 1707 2466 και
1735 2417 1864 2468 κατὰ

278 2483 433 2531 ταῦτα
466 2485 792 2553 παραινέσας,
822 2484 1080 2553 ἀπήλαυνε
1116 2489 1267 2544 αὐτὸς
1304 2490 1402 2542 σὺν
1436 2492 1508 2563 τῷ
1543 2486 1742 2563 ἀχρηΐω
1767 2497 1862 2546 τοῦ

230 2562 256 2600 4
280 2561 521 2623 στρατοῦ.
592 2559 921 2630 Ἀπικόμενος
948 2565 1004 2616 δε
1031 2566 1115 2619 ἐπὶ
1141 2567 1232 2634 τὴν
1257 2567 1457 2635 λίμνην,
1488 2570 1551 2622 τά
1577 2590 1676 2639 περ
1701 2568 1732 2637 ἡ
1761 2576 1866 2624 τῶν

1959 285 1962 477 Ι
