1975 2892
275 117 354 174 20
849 123 1257 170 ΗΡοΔοΤοΥ

1492 178 1564 226 [A.
1578 177 1621 216 c.
1636 176 1854 217 560-5-16.

231 236 494 303 2ιίκηκοῶς
539 239 640 288 τῶν
680 231 888 288 ε’δέοντο
930 234 980 286 οἱ
1028 231 1225 286 Μυσοί.
1274 231 1336 285 οὗ
1383 231 1615 301 φαμένου
1659 231 1713 282 δὲ
1756 233 1852 282 τοῦ

271 314 505 384 Κροίσου
551 315 642 366 τόν
681 335 743 383 γε
784 313 942 365 παῖδά
985 312 1091 380 σφι
1110 325 1115 330 “
1132 309 1483 379 συμπέμψειν,
1531 306 1675 378 λέγει
1720 309 1854 378 πρὸς

271 393 423 445 αὐτὸν
463 395 492 444 ὁ
531 392 724 458 νεηνίης
763 391 902 444 τάδε·
949 385 1067 441 “Ὠ
1105 390 1285 459 πάτερ,
1322 389 1386 440 τὰ
1420 387 1679 440 κάλλιστα
1716 387 1849 456 πρό-

270 471 419 540 τερόν
445 490 563 522 κοτε
588 470 670 522 καὶ
704 469 1032 539 γενναιότατα
1067 465 1184 534 ἡμῖν
1208 464 1287 532 ἦν,
1317 467 1369 521 ἔς
1396 487 1454 518 τε
1477 463 1736 532 πολέμους
1768 463 1853 516 καὶ

270 546 328 602 ἒς
353 546 511 618 ἄγρας
537 545 838 616 φοιτέοντας
869 543 1193 613 εὐδοκιμέειν·
1238 547 1327 598 νῦν
1366 544 1423 597 δὲ
1456 539 1762 613 ἀμφοτέρων
1786 563 1855 608 με

271 623 466 678 τούτων
499 619 821 691 ἀποκληίσας
856 624 1010 692 ἔχεις,
1040 625 1159 675 οὔτε
1196 623 1309 675 τινὰ
1346 621 1541 688 δειλίην
1578 641 1665 688 μοι
1695 640 1851 689 παρι-

233 703 391 769 Βδὼν,
422 705 540 756 οὔτε
575 702 808 770 ἀθυμίην.
851 705 940 754 νῦν
979 723 1036 754 τε
1062 700 1230 754 τέοισί
1253 721 1319 768 με
1356 698 1457 771 χρὴ
1486 698 1680 766 ὄμμασι
1716 698 1768 752 ἔς
1796 718 1854 749 τε

272 781 464 851 ἀγορὴν
503 781 585 833 καὶ
610 777 674 846 ἐξ
701 781 890 850 ἀγορῆς
921 777 1197 848 φοιτέοντα
1232 778 1548 847 φαίνεσθαι;
1591 779 1729 830 κοῖος
1758 776 1854 842 μέν

271 879 350 913 τις
385 861 525 911 τοῖσι
557 855 839 924 πολιήτῃσι
880 857 1017 922 δόξω
1056 851 1214 917 εἶναι;
1259 858 1397 911 κοῖος
1438 854 1496 908 δέ
1533 875 1611 908 τις
1641 859 1703 921 τῇ
1737 875 1851 906 νεο-

271 937 418 1008 γάμῳ
444 935 674 1006 γυναικί;
719 935 842 1007 κοίῳ
880 935 934 988 δὲ
976 933 1138 1001 ἐκείνη
1176 934 1315 1000 δόξει
1350 933 1495 1004 ἀνδρὶ
1530 930 1849 995 συνοικέεινς

277 1012 366 1081 ἐμὲ
407 1013 477 1066 ὧν
517 1012 586 1066 σὺ
619 1011 650 1080 ἢ
681 1012 832 1081 μέθες
872 1012 997 1064 ἶέναι
1034 1011 1121 1065 ἐπὶ
1152 1011 1243 1079 τὴν
1280 1009 1452 1082 θήρην,
1490 1009 1520 1078 ἦ
1551 1012 1694 1082 λόγῳ
1730 1009 1852 1062 ἀνά·-

273 1111 458 1144 πεισον
497 1089 625 1146 ὅκως
659 1111 746 1159 μοι
781 1091 966 1159 ἀμείνω
1006 1090 1121 1144 ε’στὶ
1159 1093 1318 1142 ταῦτα
1355 1087 1487 1142 οὕτω
1519 1086 1852 1155 ποιεόμενα.”

179 1172 254 1225 38
275 1165 568 1235 Ἀμείβεται
611 1170 834 1236 Κροῖσος
875 1166 1068 1220 τοῖσδε·
1151 1169 1185 1192 “
1202 1161 1273 1217 Ὠ
1312 1167 1421 1228 παῖ,
1472 1166 1587 1218 οὔτε
1629 1163 1839 1229 δειλίην,

275 1244 392 1294 οὔτε
419 1240 554 1294 ἄλλο
581 1241 728 1292 οὐδὲν
755 1241 908 1310 ἄχαρι
935 1241 1163 1311 παριδών
1188 1262 1285 1301 τοι,
1314 1241 1469 1294 ποιέω
1497 1245 1672 1293 ταῦτα·
1712 1241 1855 1294 ἀλλά

271 1340 361 1386 μοι
396 1317 523 1388 ὄψις
557 1317 755 1387 ὀνείρου
787 1319 841 1370 ἐν
875 1319 948 1391 τῷ
973 1316 1115 1392 ὕπνῳ
1143 1319 1403 1372 ἐπιστᾶσα
1442 1320 1545 1389 ἔφη
1574 1339 1638 1371 σε
1673 1319 1852 1390 ὀλιγο-

271 1401 479 1467 χρόνιον
504 1395 739 1455 ἕσεσθαι,
768 1396 866 1450 ὑπὸ
893 1397 993 1468 γὰρ
1028 1396 1215 1466 αἰχμῆς
1242 1397 1479 1467 σιδηρέης
1514 1397 1851 1452 ἀπολέεσθαι.

228 1485 253 1526 2
274 1476 402 1545 πρὸς
445 1473 514 1527 ὧν
555 1473 647 1541 τὴν
692 1473 822 1544 ὄψιν
861 1472 1065 1541 ταύτην,
1106 1477 1196 1527 τόν
1240 1496 1297 1527 τε
1338 1477 1503 1546 γάμον
1545 1496 1625 1528 τοι
1667 1479 1856 1528 τοῦτον

271 1552 524 1614 ἔσπευσα,
555 1553 636 1604 καὶ
671 1552 755 1605 ἐπὶ
792 1553 856 1605 τὰ
885 1555 1383 1622 παραλαμβανόμενα
1418 1554 1509 1606 οὔκ
1544 1552 1852 1621 ἀποπέμπω,

272 1631 511 1699 φυλακὴν
537 1631 668 1698 ἔχων
689 1627 738 1682 εἶ
754 1651 852 1686 κως
879 1630 1120 1698 δυναίμην
1147 1630 1231 1683 ἐπὶ
1257 1633 1346 1698 τῆς
1372 1629 1495 1698 ε’μῆς
1516 1652 1582 1682 σε
1602 1632 1717 1697 ζόης
1738 1633 1852 1684 δια-

229 1719 253 1759 8
273 1709 486 1776 κλέψαι.
531 1703 602 1761 εἷς
621 1709 722 1778 γάρ
740 1730 828 1776 μοι
847 1713 1034 1776 μοῦνος
1054 1710 1321 1777 τυγχάνεις
1348 1709 1443 1761 ε’ὤν
1461 1711 1598 1764 παῖς·
1640 1711 1730 1762 τὸν
1746 1711 1857 1782 γὰρ

272 1784 333 1852 δὴ
363 1785 552 1854 ἕτερον,
582 1785 952 1856 διεφθαρμένον
987 1785 1079 1853 τὴν
1104 1787 1275 1854 ἀκοὴν,
1306 1787 1397 1839 οὒκ
1425 1782 1551 1839 εἶναί
1584 1808 1673 1854 μοι
1698 1789 1854 1859 λογί-

173 1861 252 1916 39
273 1859 479 1929 (opat-’⁹
676 1865 973 1931 Ἀμείβεται
1001 1868 1029 1918 ὁ
1057 1865 1248 1931 νεηνίης
1273 1865 1469 1918 τοῖσδε·
1524 1868 1855 1936 “Συγγνῶμη

268 1940 379 2008 μὲν,
424 1938 463 1990 ὦ
502 1940 681 2010 πάτερ,
715 1942 813 2000 τοὶ,
853 1937 1018 1995 ἶδόντί
1047 1965 1108 2013 γε
1148 1941 1277 2013 ὄψιν
1316 1940 1567 2010 τοιαύτην,
1601 1945 1719 2014 περὶ
1762 1945 1856 2012 ἐμὲ

269 2017 508 2086 φυλακὴν
535 2019 688 2086 ἔχειν·
739 2021 798 2071 τὸ
827 2021 881 2072 δὲ
909 2021 969 2072 οὗ
997 2019 1277 2088 μανθάνεις,
1308 2022 1449 2074 ἀλλὰ
1472 2021 1672 2088 λέληθέ
1697 2043 1763 2074 σε
1789 2025 1854 2076 τὸ

226 2095 480 2166 Βὸνειρον,
537 2096 628 2164 ἐμέ
675 2117 756 2148 τοι
810 2098 1003 2150 δίκαιόν
1054 2098 1169 2151 ἐστι
1222 2100 1456 2170 φράζειν.
1516 2097 1622 2169 φῄς
1663 2121 1745 2152 τοι
1788 2102 1853 2154 τὸ

267 2173 464 2243 ὄνειρον
505 2174 604 2228 ὑπὸ
650 2173 836 2242 αἰχμῆς
880 2175 1117 2245 σιδηρέης
1162 2179 1322 2246 φάναι
1365 2177 1452 2245 ἐμὲ
1499 2174 1849 2245 τελευτήσειν·

266 2253 355 2306 ὑὸς
383 2252 438 2306 δὲ
465 2255 596 2305 κοῖαι
622 2251 714 2319 μέν
741 2252 846 2304 εἶσι
876 2256 1065 2324 χεῖρες,
1095 2254 1205 2321 κοίη
1234 2256 1291 2308 δὲ
1330 2255 1489 2324 αἰχμὴ
1528 2255 1757 2325 σιδηρέη,
1788 2255 1854 2324 ἦν

268 2330 338 2381 σὺ
364 2330 590 2399 φοβέαι;
635 2329 680 2380 εἷ
717 2331 811 2398 μὲν
835 2332 937 2401 γὰρ
969 2331 1067 2384 ὑπὸ
1094 2332 1302 2387 ὀδόντος
1338 2354 1418 2386 τοι
1458 2329 1568 2388 εἶπε
1602 2333 1848 2402 τελευτῆ-
1892 2371 1897 2374 -

267 2427 381 2458 σειν
424 2406 564 2474 με,ἦ
611 2407 778 2460 ἄλλου
823 2429 912 2460 τευ
958 2407 989 2460 ὅ
1027 2429 1077 2461 τι
1123 2408 1286 2482 τούτῳ
1326 2411 1475 2473 ἔοικε,
1518 2413 1649 2482 χρῆν
1684 2410 1745 2479 δή
1783 2435 1852 2466 σε

264 2483 455 2536 ποιέειν
485 2484 548 2535 τὰ
583 2485 788 2540 ποιέεις·
833 2488 921 2538 νῦν
956 2486 1012 2538 δὲ
1054 2486 1151 2540 ὑπὸ
1194 2488 1399 2556 αἰχμῆς.
1444 2490 1556 2544 ἐπεί
1594 2511 1649 2542 τε
1682 2489 1752 2542 ὦν
1784 2492 1847 2543 οὗ

164 2561 249 2616 40
265 2560 394 2631 πρὸς
420 2559 602 2632 ἄνδρας
620 2561 735 2630 ἡμῖν
754 2563 945 2633 γίνεται
965 2562 996 2629 ἦ
1015 2566 1173 2634 μάχη,
1202 2566 1352 2635 μέθες
1376 2564 1501 2635 με.”
1667 2566 1841 2638 Ἀμεί-
