1975 2892
149 143 156 148 .
634 113 1015 160 ΚΛΕΙΩ.--Ι.
1052 125 1219 174 19-24.
1638 105 1701 158 ll

116 171 181 211 οι.
203 171 264 211 40.
287 173 344 221 4.]

114 235 196 286 καὶ
240 231 385 288 εἴπας
425 235 556 305 πρὸς
597 234 978 306 Θρασύβουλον
1013 237 1103 293 τὰς
1140 238 1353 294 ἐντολὰς
1387 243 1480 292 τοῦ
1516 241 1703 299 Λυδοῦ,

113 311 315 378 ἀπῆλθε
362 313 416 368 ἐς
455 314 546 368 τὰς
589 315 786 384 Σάρδις,
828 316 896 369 ὣς
939 316 1041 386 ἐγὼ
1078 315 1411 384 πυνθάνομαι,
1452 317 1515 371 δι’
1556 319 1705 371 οὐδὲν

113 390 248 442 ἄλλο
294 391 494 459 ἐγένετο
531 391 561 458 ἡ
599 392 874 463 διαλλαγή.
959 394 1188 458 ἐλπίζων
1218 396 1319 465 ’γὰρ
1356 399 1385 448 ὁ
1420 395 1743 463 Ἀλυάττηςθ

115 463 382 535 σιτοδηΐην
413 491 469 522 τε
501 465 626 522 εἶναι
654 470 875 540 ἰσχυρὴν
907 472 962 525 ἐν
988 475 1049 540 τῇ
1079 471 1314 545 Μιλήτῳ,
1345 474 1427 526 καὶ
1458 475 1546 526 τὸν
1571 476 1705 528 λεὼν

112 545 394 616 τετρύσθιιι
421 547 475 602 ἐς
501 549 560 600 τὸ
588 549 814 618 ἔσχατον
849 553 1022 610 κακοῦ,
1052 553 1205 618 ἤκουε
1240 555 1332 604 τοῦ
1369 549 1583 621 κήρυκος
1618 574 1703 605 νο-

113 625 408 692 στήσαντος
442 627 497 678 ἐκ
529 629 618 694 τῆς
651 626 889 695 Μιλήτου
920 628 1041 684 τοὺς
1075 628 1329 684 ἐναντίους
1359 631 1552 700 λόγους
1578 628 1608 698 ἢ
1638 630 1704 686 ὣς

110 705 264 758 αὐτὸς
292 705 576 758 κατεδόκεε.
661 707 789 774 μετὰ
817 707 890 768 δὲ,
921 707 955 775 η’
979 729 1037 760 τε
1064 705 1318 778 διαλλαγή
1346 709 1454 777 σφι
1482 707 1699 779 ἐγένετο,
1721 722 1747 764 4

113 780 190 836 ἐπ’
225 779 268 854 ᾧ
299 805 357 834 τε
389 782 586 850 ξείνους
617 783 902 852 ἀλλήλοισι
939 781 1066 839 εἶναι
1104 787 1187 838 καὶ
1223 786 1541 855 ξυμμάχους.
1625 787 1703 840 καὶ
1720 801 1747 841 ⁸

113 859 206 913 δύο
234 882 292 913 τε
331 861 444 914 ἀντὶ
478 863 591 916 ἑνὸς
625 863 774 930 νηοὺς
805 865 869 931 τῇ
893 863 1135 932 Ἀθηναίῃ
1168 863 1466 937 ᾠκοδόμησε
1493 867 1521 918 ὁ
1547 863 1704 918 Ἀλυ-

114 940 269 1006 άττης
301 940 355 992 ἓν
385 943 444 1007 τῇ
472 939 745 1014 Ἀσσησῷ,
775 942 927 996 αὐτός
961 964 1019 994 τε
1055 943 1111 994 ἐκ
1146 946 1236 1010 τῆς
1271 941 1462 996 νούσου
1492 943 1703 1010 ἀνέστη.

114 1018 243 1069 κατὰ
269 1017 364 1084 μὲν
382 1020 472 1071 τὸν
489 1020 618 1088 πρὸς
647 1021 940 1087 Μιλησίους
959 1043 1017 1074 τε
1038 1021 1119 1074 καὶ
1148 1018 1527 1091 Θρασύβουλον
1544 1023 1703 1075 πόλε-

111 1117 214 1161 μον
240 1094 494 1164 Ἀλυάττῃ
523 1097 622 1150 ὧδε
649 1099 795 1167 ἔσχε.

175 1182 182 1188 ’
221 1173 532 1244 Περίανδρος
564 1174 618 1227 δέ
653 1171 715 1240 ἦν
755 1173 1011 1244 Κυψέλου
1049 1177 1182 1237 παῖς,
1210 1173 1358 1230 οὗτος
1394 1178 1423 1228 ὁ
1458 1179 1529 1248 τῷ
1568 1185 1702 1246 Opa-
1724 1177 1803 1232 23

141 1249 391 1323 συβούλῳ
444 1252 504 1304 τὸ
554 1250 867 1322 χρηστήριον
917 1249 1159 1319 μηνύσας.
1223 1253 1515 1323 ἐτυράννευε
1567 1254 1623 1307 δὲ
1675 1257 1705 1308 ὁ

139 1329 450 1400 Περίανδρος
489 1328 752 1400 Κορίνθου.
799 1332 871 1401 τῷ
915 1328 977 1396 δὴ
1012 1327 1229 1400 λέγουσι
1269 1330 1527 1401 Κορίνθιοι
1554 1326 1703 1402 (ὁμο-
1726 1344 1751 1384 2

115 1406 371 1478 λογέουσι
407 1406 464 1459 δέ
499 1409 604 1477 σφι
637 1406 880 1476 Λέσβιοι)
913 1407 968 1460 ἐν
1004 1411 1077 1480 τῷ
1114 1411 1217 1480 βίῳ
1254 1407 1429 1474 θῶυμα
1460 1408 1709 1478 μέγιστον

119 1487 464 1556 παραστῆναι·
507 1485 712 1552 Ἀρίονα
737 1488 827 1539 τὸν
854 1485 1185 1554 Μηθυμναῖον
1212 1486 1295 1539 ἐπὶ
1322 1485 1568 1554 δελφῖνος
1594 1484 1705 1551 ἐξε-

119 1563 389 1633 νειχθέντα
424 1564 507 1617 ἐπὶ
533 1565 794 1635 Ταίναρον,
826 1565 974 1617 ἐόντα
1010 1563 1291 1635 κιθαρῳδὸν
1325 1569 1426 1616 τῶν
1451 1563 1567 1615 τότε
1594 1563 1705 1616 ἐόν-

115 1664 224 1695 των
250 1642 454 1696 οὗδενὸς
491 1640 744 1712 δεύτερον·
787 1643 870 1695 καὶ
910 1640 1243 1712 διθύραμβον,
1272 1646 1476 1712 πρῶτον
1510 1641 1705 1712 ἀνθρὼ-

116 1743 234 1775 πων
260 1726 362 1772 τῶν
387 1719 528 1787 ἡμεῖς
565 1718 724 1788 ἴδμεν,
752 1719 1041 1788 ποιήσαντά
1070 1741 1127 1772 τε
1155 1720 1237 1772 καὶ
1278 1719 1601 1788 ὀνομάσαντα
1626 1719 1708 1774 καὶ

119 1798 397 1864 διδάξαντα
424 1798 476 1851 ἐν
505 1799 756 1872 Κορίνθῳ.
911 1801 1105 1852 Τοῦτον
1129 1799 1219 1851 τὸν
1241 1797 1448 1870 Ἀρίονα
1468 1797 1705 1870 λέγουσι,
1726 1798 1805 1854 24

119 1879 212 1930 τὸν
247 1878 451 1929 πολλὸν
485 1880 577 1929 τοῦ
617 1881 806 1947 χρόνου
850 1878 1180 1948 διατρίβοντα
1213 1877 1352 1948 παρὰ
1390 1879 1705 1949 Περιάνδρῳ,

120 1954 435 2022 ἐπιθυμῆσαι
459 1958 669 2008 πλῶσαι
688 1956 739 2012 ἐς
763 1955 986 2022 Ἰταλίην
1012 1977 1069 2008 τε
1085 1956 1167 2008 καὶ
1187 1955 1435 2022 Σικελίην·
1482 1956 1706 2026 ἐργασά-

120 2055 278 2102 μενον
304 2034 360 2086 δὲ
392 2031 629 2104 χρήματα
666 2036 884 2106 μεγάλα,
915 2033 1135 2102 θελῆσαι
1169 2034 1339 2089 ὀπίσω
1378 2034 1429 2088 ἐς
1461 2033 1711 2104 Κόρινθον

121 2111 416 2165 ἀπικέσθαι.
460 2111 719 2182 ὁρμᾶσθαι
753 2113 846 2180 μέν
879 2134 968 2166 νυν
1004 2113 1059 2165 ἐκ
1090 2113 1360 2184 Τάραντος,
1402 2108 1749 2165 πιστεύοντα2

123 2191 179 2244 δὲ
209 2190 482 2257 οὐδαμοῖσι
501 2194 704 2258 μᾶλλον
729 2190 1117 2262 ἦΚορινθίοισι,
1139 2189 1511 2259 μισθώσασθαι
1525 2191 1713 2242 πλοῖον

123 2268 324 2338 ἀνδρῶν
350 2268 650 2339 Κορινθίων.
693 2269 813 2324 τοὺς
839 2270 895 2323 δὲ
923 2269 978 2322 ἐν
1004 2273 1075 2342 τῷ
1101 2271 1319 2339 πελάγει
1336 2263 1707 2332 ἐπιβουλεύειν,
1725 2285 1750 2325 a

122 2349 216 2400 τὸν
260 2345 468 2417 Ἀρίονα
511 2348 841 2411 ἐκβαλόντας,
887 2349 1025 2416 ἔχειν
1077 2347 1141 2399 τὰ
1194 2344 1447 2416 χρήματα.
1491 2345 1580 2397 τὸν
1635 2344 1753 2404 δὲ,4

126 2423 345 2478 συνέντα
379 2429 549 2484 τοῦτο,
577 2425 888 2486 λίσσεσθαι,
917 2423 1154 2494 χρήματα
1187 2423 1281 2490 μέν
1316 2423 1419 2490 σφι
1454 2420 1711 2492 προϊέντα,

123 2502 310 2574 ψυχὴν
336 2504 391 2556 δὲ
429 2507 844 2574 παραιτεόμενον.
888 2505 1052 2555 οὔκων
1084 2501 1144 2568 δὴ
1172 2500 1367 2554 πείθειν
1406 2499 1559 2552 αὐτὸν
1594 2495 1708 2549 τού·-
1730 2519 1755 2558 5

124 2593 287 2634 τοισι·
331 2581 472 2634 ἀλλὰ
513 2579 740 2634 κελεύειν
783 2579 904 2634 τοὺς
945 2577 1205 2648 πορθμέας
1235 2575 1265 2643 ἢ
1308 2577 1461 2629 αὐτὸν
1502 2576 1716 2644 διαχρᾶ-
