1975 2892
266 69 382 128 324
853 79 1261 126 ΗΡοΔοΤοΥ

1551 129 1632 178 [Α.
1656 129 1707 169 c,
1726 139 1765 168 e.
1788 126 1876 168 517.

222 205 246 244 8
269 213 368 244 σαν
401 193 554 262 μέχρι
588 191 832 261 Τριοπίου
867 189 1041 260 ἄκρης.
1084 189 1236 242 οἶκέει
1272 185 1315 243 δ’
1346 188 1401 243 ἐν
1434 192 1500 256 τῇ
1536 190 1673 257 ἀκτῇ
1715 189 1877 256 ταύτῃ

268 270 412 322 ἔθνεα
447 270 726 339 ἀνθρώπων
760 267 1047 338 τριὴκοντα.
1090 264 1215 334 αὕτη
1251 266 1343 333 μέν
1379 289 1468 319 νυν
1503 265 1535 332 ἦ
1574 269 1738 336 ἑτέρη
1776 274 1875 319 τῶν

169 348 246 402 39
267 348 472 400 ἀκτέων.
681 347 750 399 Ἦ
787 348 843 400 δὲ
879 346 941 413 δὴ
979 347 1143 416 ε’τέρη,
1173 345 1274 398 ἀπὸ
1300 343 1551 414 Περσέων
1576 345 1867 414 ἀρξαμένη,

265 426 604 496 παρατέταται
631 426 682 479 ἐς
708 425 800 492 τὴν
830 422 1085 495 Ἐρυθρὴν
1112 423 1403 476 θάλασσαν·
1447 421 1483 490 ἤ
1506 442 1565 474 τε
1607 423 1868 493 Περσικὴ,

270 505 352 556 καὶ
377 503 408 571 ἦ
437 503 538 558 ἀπὸ
564 503 746 569 ταῦτης
781 501 1078 569 ἐκδεκομένη
1102 499 1378 570 Ἀσσυρίη,
1408 501 1490 553 καὶ
1522 500 1635 553 ἀπὸ
1665 501 1867 555 Ἀσσυ-

220 597 245 637 2
267 581 380 651 ρίης
405 581 436 649 ἦ
462 581 696 652 Ἀραβίη.
739 577 888 649 λήγει
915 579 972 633 δὲ
998 577 1123 646 αὕτη
1154 578 1241 644 (οὗ
1266 576 1509 646 λήγουσα
1528 576 1574 630 εἶ
1603 579 1683 647 μὴ
1708 574 1867 651 νόμῳ)

268 660 320 714 ἐς
363 662 454 712 τὸν
498 662 692 713 κόλπον
735 659 824 710 τὸν
863 656 1127 727 Ἀράβιον,
1170 657 1223 711 ἐς
1266 658 1357 709 τὸν
1402 657 1627 726 Δαρεῖος
1680 658 1741 710 ἐκ
1780 660 1867 709 τοῦ
1945 721 1946 732 ¹

219 749 246 790 8
271 737 464 790 Νείλου
490 739 716 807 διώρυχα
743 733 984 805 ε’σῆγαγε.
1062 735 1234 803 Μέχρι
1259 734 1353 801 μέν
1378 755 1466 786 νυν
1492 736 1743 801 Φοινίκης
1768 736 1865 788 άπὸ
1945 749 1946 762 ’

267 813 529 884 Περσέων,
568 821 738 883 χῶρος
776 813 974 867 πλατὺς
1014 814 1096 865 καὶ
1134 814 1335 878 πολλός
1374 812 1507 864 ἐστι·
1554 813 1619 864 τὸ
1666 815 1727 866 δὲ
1766 814 1863 866 ἀπὸ

267 891 498 958 Φοινίκης
531 891 745 961 παρήκει
781 891 864 944 διὰ
899 891 1073 958 τῆσδε·
1092 893 1182 958 τῆς
1217 890 1490 955 θαλάσσης
1516 888 1548 955 ἦ
1576 890 1714 958 ἀκτὴ
1742 889 1864 956 αὕτη

265 971 404 1038 παρά
429 991 486 1022 τε
521 970 704 1040 Συρίην
729 969 822 1038 τὴν
856 969 1226 1035 Παλαιστίνην,
1256 968 1339 1020 καὶ
1377 965 1659 1036 Αἴγυπτον,
1694 969 1749 1024 ἐς
1776 969 1865 1036 τὴν

219 1058 246 1099 1
266 1049 496 1117 τελευτᾷ·
541 1049 596 1101 ἐν
619 1049 682 1116 τῇ
715 1048 861 1100 ἔθνεά
887 1047 1003 1100 ἐστι
1029 1046 1145 1117 τρία
1168 1049 1348 1115 μοῦνα.
1430 1048 1599 1097 Ταῦτα
1637 1047 1740 1113 μὲν
1766 1047 1866 1100 ἀπὸ
1945 1113 1946 1124 ¹

267 1123 512 1194 Περσέων
563 1125 628 1180 τὰ
677 1129 808 1195 πρὸς
859 1123 1081 1194 ἑσπέρης
1131 1127 1222 1191 τῆς
1261 1123 1442 1190 Ἀσίης
1482 1124 1679 1191 ἔχοντά
1723 1125 1857 1177 ἐστι.
1945 1129 1946 1142 ’

165 1207 242 1258 40
276 1205 346 1254 Τὰ
391 1203 448 1256 δὲ
495 1202 773 1273 κατύπερθε
823 1202 1086 1272 Περσέων,
1130 1202 1211 1255 καὶ
1254 1200 1461 1268 Μήδων,
1500 1201 1584 1254 καὶ
1630 1204 1857 1257 Σασπεί-

267 1299 387 1348 ρων,
411 1279 492 1330 καὶ
519 1280 755 1346 Κόλχων,
777 1279 841 1330 τὰ
860 1279 990 1344 πρὸς
1009 1277 1081 1345 ἠῶ
1101 1298 1157 1330 τε
1176 1279 1258 1331 καὶ
1278 1276 1455 1344 ἧέλιον
1474 1277 1855 1339 ἀνατέλλοντα,
1941 1275 1943 1282 ³

268 1355 411 1408 ἔνθεν
435 1357 527 1423 μὲν
552 1355 582 1422 ἡ
610 1352 828 1426 Ἐρυθρὴ
847 1354 1061 1426 παρῆκει
1082 1355 1344 1408 θάλασσα·
1386 1357 1517 1424 πρὸς
1542 1357 1721 1424 βορέω
1748 1357 1807 1410 δὲ
1826 1356 1857 1424 ἦ

269 1433 478 1501 Κασπίη
502 1456 560 1487 τε
587 1433 851 1494 θάλασσα,
881 1434 964 1486 καὶ
992 1436 1020 1486 ὁ
1047 1432 1266 1501 Ἀράξης
1289 1434 1535 1500 ποταμὸς,
1564 1430 1701 1500 ῥέων
1726 1438 1860 1504 πρὸς

215 1531 243 1572 2
267 1507 444 1578 ἠέλιον
469 1512 765 1580 ἀνίσχοντα.
808 1511 960 1582 μέχρι
998 1511 1053 1564 δὲ
1081 1513 1171 1578 τῆς
1196 1510 1406 1579 Ἰνδικῆς
1430 1510 1650 1563 οἰκέεται
1676 1511 1855 1580 Ἀσίη·

267 1589 326 1641 τὸ
353 1588 409 1642 δὲ
437 1589 536 1643 ἀπὸ
563 1587 763 1656 ταύτης,
793 1590 976 1658 ἐρῆμος
1007 1590 1101 1656 ἤδη
1129 1591 1189 1641 τὸ
1214 1591 1343 1660 πρὸς
1368 1588 1461 1656 τὴν
1488 1588 1575 1649 ἔω,
1602 1589 1719 1644 οὐδ’
1748 1592 1861 1660 ἔχει

266 1666 432 1722 οὐδεὶς
457 1669 660 1737 φράσαι
679 1663 789 1721 οἷον
815 1666 876 1734 δή
902 1667 954 1720 τί
981 1667 1116 1720 ἐστι.
1160 1664 1373 1734 Τοιαύτη
1399 1667 1493 1734 μὲν
1518 1668 1602 1719 καὶ
1622 1667 1861 1737 τοσαύτη

264 1742 295 1808 ἡ
322 1742 474 1812 Ἀσίη
502 1746 637 1798 ε’στί.

168 1817 240 1870 41
345 1819 415 1872 ‘H
459 1820 517 1872 δὲ
557 1819 720 1890 Λιβῦη
769 1822 823 1876 ἒν
865 1824 927 1888 τῇ
969 1823 1091 1890 ἀκτῇ
1136 1826 1197 1890 τῇ
1240 1821 1384 1894 ἑτέρῃ
1426 1822 1558 1876 ε’στί·
1602 1822 1707 1878 ἀπὸ
1750 1827 1855 1896 γὰρ

222 1907 247 1950 a
263 1889 525 1959 Αίγύπτου
561 1891 725 1960 Λιβύη
753 1895 844 1960 ἤδη
873 1895 1142 1948 ἐκδέκεται.
1188 1897 1313 1948 κατὰ
1346 1898 1440 1965 μέν
1464 1919 1555 1951 νυν
1588 1898 1855 1968 Αἴγυπτον

261 1964 291 2032 ἡ
319 1966 442 2035 ἀκτὴ
471 1965 594 2035 αὕτη
625 1970 798 2038 στεινή
827 1972 960 2024 ἐστι·
1005 1973 1106 2026 ἀπὸ
1141 1974 1243 2044 γὰρ
1268 1976 1429 2041 τῆσδε
1454 1977 1543 2043 τῆς
1572 1976 1852 2045 θαλάσσης

263 2045 313 2098 ἔς
338 2045 430 2112 τὴν
453 2045 706 2118 Ἐρυθρὴν
725 2049 1018 2112 θάλασσαν,
1044 2050 1162 2104 δέκα
1186 2053 1425 2121 μυριάδες
1444 2053 1551 2107 εἶσὶ
1576 2055 1847 2124 ὀργυιέων·

215 2139 242 2180 a
259 2121 404 2176 αὗται
441 2123 484 2178 δ’
511 2125 574 2177 ἂν
609 2121 708 2179 εἷεν
741 2127 906 2194 χίλιοι
944 2129 1165 2182 στάδιοι.
1208 2131 1269 2182 τὸ
1304 2131 1361 2183 δὲ
1388 2131 1489 2185 ἀπὸ
1516 2135 1609 2185 τοῦ
1635 2139 1847 2187 στεινοῦ

257 2197 458 2261 τούτου,
483 2203 641 2271 κάρτα
659 2204 858 2257 πλατέα
877 2207 1118 2276 τυγχάνει
1138 2207 1298 2261 ἐοῦσα
1318 2206 1347 2275 ἦ
1376 2209 1520 2277 ἀκτὴ,
1542 2209 1651 2278 ἥτις
1677 2211 1845 2280 Λιβύη

157 2278 235 2328 42
255 2276 510 2341 κέκληται.
722 2284 981 2348 Θωυμάζω
1011 2283 1082 2337 ὧν
1107 2289 1207 2337 τῶν
1234 2286 1603 2357 διουρισάντων
1628 2290 1711 2340 καὶ
1736 2290 1841 2342 διε-

251 2348 448 2403 λόντων
487 2354 682 2418 Λιβύην
721 2378 777 2409 τε
817 2359 899 2412 καὶ
937 2358 1123 2428 Ἀσίην
1162 2363 1245 2416 καὶ
1291 2364 1560 2435 Εὐρώπην·
1628 2367 1691 2419 οὗ
1741 2369 1845 2439 γὰρ

205 2432 232 2469 ²
252 2427 441 2507 (ζ’μῑκρὰ
466 2430 530 2480 τὰ
565 2432 878 2502 διαφέροντα
900 2437 1097 2492 αὐτέων
1122 2439 1259 2493 ἐστι’.
1302 2441 1454 2510 μήκεῖ
1476 2443 1571 2511 μὲν
1594 2444 1697 2515 γὰρ
1720 2446 1841 2516 παρ’

244 2495 541 2566 αμφοτέρας
578 2507 793 2577 παρήκει
809 2510 862 2578 ἦ
917 2514 1160 2594 Εὐρώπη·
1230 2521 1425 2590 εὔρεος,
1446 2521 1505 2574 δέ
1543 2522 1680 2593 πέρι,
1723 2523 1845 2580 οὐδὲ
