1975 2892
65 236 110 275 01
144 237 192 276 68
227 235 286 284 8]
361 167 1063 216 MEAHOMENH.—1v.
1102 179 1331 230 ¹40·¹45·
1526 162 1638 222 371

19 289 296 355 ᾗβούλοιὲ
337 289 400 342 ἅν
440 291 489 343 οἱ
529 294 752 343 τοσοῦτο
792 289 994 358 πλῆθος
1031 289 1292 362 γενέσθαι,
1332 290 1451 344 ὅσοι
1492 292 1547 345 ἐν
1584 297 1647 361 τῇ

18 368 178 438 ;,ζροιῂ“
207 371 394 421 κόκκοι.
447 371 660 439 Δαρεῖος
687 370 744 421 δὲ
771 362 899 429 εἶπε,
929 371 1269 439 Μεγαβάζους
1295 368 1357 421 ὅν
1382 371 1431 422 οἶ
1457 369 1644 424 τοσοῦ-
1665 385 1690 426 3

31 467 179 510 ,κτους
213 446 428 516 ἀριθμὸν
445 445 688 517 γενέσθαι
713 444 1007 510 βούλεσθαι
1032 446 1286 515 μᾶλλονῆ
1315 448 1405 514 τὴν
1420 447 1650 502 Ἐλλάδα

18 522 306 591 ζ-ὑπῆκοον.
363 525 417 577 ἐν
454 525 548 591 μὲν
589 524 649 592 δὴ
691 526 934 594 Πέρσῃσι
973 526 1133 578 ταῦτά
1170 547 1257 593 μιν
1298 522 1440 580 εἶπας
1480 526 1645 594 ἐτίμα·
1668 534 1695 575 4

26 605 180 654 τότε
208 603 264 655 δέ
291 602 444 656 αὐτὸν
469 602 695 655 ὑπέλιπε
724 603 1031 673 στρατηγὸν,
1062 603 1247 671 ἔχοντα
1282 605 1371 670 τῆς
1408 606 1650 674 στρατιῆς

18 721 28 746 5
63 683 152 747 τῆς
193 682 384 733 ἑωυτοῦ
424 681 555 732 ὀκτὼ
594 681 857 750 μυριάδας.
1104 679 1268 735 Οὗτος
1308 681 1362 733 δὲ
1403 684 1432 734 ὁ
1474 683 1647 752 Μεγά-
1676 679 1783 732 144

18 780 35 822 ς,
61 760 242 824 βαζος,
279 755 423 813 ε’ίπας
457 759 575 810 τόδε
610 759 670 810 τὸ
711 759 851 820 ἔπος,
891 759 1128 812 ἐλείπετο
1170 758 1419 812 ἀθάνατον
1456 757 1653 827 μνήμην

18 897 19 902 ¹
63 839 195 907 πρὸς
221 835 664 903 Ἑλλησποντίων.
706 839 977 908 γενόμενος
1003 838 1105 909 γὰρ
1142 837 1196 890 ἐν
1224 836 1499 908 Βυζαντίῳ,
1530 835 1650 891 ἐπῦ-
1672 846 1697 885 2

23 955 37 974 „
67 914 186 967 θετο
235 915 566 968 ἑπτακαίδεκα
619 915 760 967 ἔτεσι
811 917 1064 986 πρότερον
1112 916 1496 984 Καλχηδονίους
1542 915 1648 968 κτί-

17 1032 30 1057 .;
68 1014 259 1048 σαντας
295 992 386 1060 τὴν
410 995 584 1062 χώρην
611 993 912 1058 Βυζαντίων·
955 993 1241 1060 πυθόμενος
1275 993 1347 1054 δὲ,
1378 995 1479 1062 ἔφη
1510 996 1649 1046 Καλ-

65 1071 337 1140 χηδονίους
363 1074 544 1123 τοῦτον
569 1071 658 1123 τὸν
682 1073 872 1141 χρόνον
898 1073 1169 1142 τυγχάνειν
1196 1072 1369 1126 ἐόντας
1396 1070 1646 1141 τυφλούς·

18 1187 29 1204 2
68 1150 128 1201 οὐ
155 1149 255 1219 γὰρ
283 1149 344 1201 ἂν
378 1151 469 1200 τοῦ
505 1149 779 1202 καλλίονος
813 1152 1090 1220 παρεόντος
1129 1149 1313 1214 κτίζειν
1345 1151 1537 1220 χώρου,
1566 1151 1655 1202 τὸν

18 1256 33 1286 1·
69 1226 313 1295 αἰσχίονα
340 1225 569 1287 ἑλέσθαι,
594 1226 638 1279 εἶ
663 1227 731 1296 μὴ
759 1225 892 1294 ἦσαν
919 1227 1134 1297 τυφλοί.
1173 1226 1323 1282 οὗτος
1350 1229 1410 1295 δὴ
1440 1227 1509 1281 ὧν
1536 1231 1650 1280 τότε
1675 1236 1700 1276 8

70 1308 99 1358 ὁ
142 1306 448 1374 Μεγάβαζος
489 1307 774 1375 στρατηγὸς
817 1306 1055 1375 λειφθεὶς
1097 1306 1151 1358 ἐν
1189 1311 1251 1372 τῇ
1290 1307 1433 1376 χώρῃ
1460 1305 1649 1372 Ἐλλη-

72 1383 348 1442 σποντίων,
377 1382 496 1436 τοὺς
522 1383 590 1449 μὴ
619 1384 917 1450 μηδίζοντας
944 1383 1345 1454 κατεστρέφετο.
1390 1382 1539 1438 οὗτος
1563 1385 1657 1452 μέν

17 1493 22 1498 ·
75 1483 164 1515 νυν
190 1465 347 1513 ταῦτα
375 1462 626 1523 ἔπρησσε.

160 1542 260 1593 Τὸν
310 1541 463 1594 αὐτὸν
515 1541 570 1594 δὲ
624 1542 804 1593 τοῦτον
855 1540 1046 1607 χρόνον
1092 1539 1283 1608 ἐγίνετο
1330 1537 1414 1591 ἐπὶ
1463 1535 1655 1604 Λιβύην
1684 1540 1790 1593 145

75 1615 240 1668 ἄλλος
281 1614 522 1683 στρατιῆς
561 1613 720 1683 μέγας
763 1614 972 1673 στόλος,
1003 1612 1085 1664 διὰ
1124 1613 1395 1680 πρόφασιν
1429 1611 1521 1678 τὴν
1557 1611 1657 1681 ἐγὼ

77 1689 425 1761 ἀπηγήσομαι,
455 1691 928 1760 προδιηγησάμενος
962 1690 1213 1760 πρότερον
1244 1689 1383 1742 τάδε.
1465 1694 1576 1741 Τῶν
1603 1690 1657 1740 ἐκ
1678 1705 1703 1744 2

77 1772 167 1836 τῆς
183 1769 400 1838 Ἀργοῦς
426 1769 709 1831 ἐπιβατέων
733 1767 930 1822 παίδων
955 1768 1149 1827 παῖδες,
1170 1766 1533 1833 ἐξελασθέντες
1562 1767 1657 1820 ὑπὸ

79 1851 372 1916 Πελασγῶν
397 1852 498 1898 τῶν
525 1847 578 1898 ἐκ
607 1852 902 1916 Βραυρῶνος
927 1845 1249 1913 λη’ἱσαμένων
1275 1846 1365 1900 τὰς
1382 1845 1660 1911 Ἀθηναίων

79 1927 334 1996 γυναῖκας,
368 1924 463 1977 ὑπὸ
490 1922 684 1976 τούτων
721 1924 1087 1990 ἐξελασθέντες
1122 1922 1177 1976 ἐκ
1205 1921 1425 1991 Λήμνου,
1454 1921 1659 1992 οἴχοντο

79 2004 327 2057 πλέοντες
368 2003 420 2057 ἐς
447 2002 807 2069 Λακεδαίμονα·
853 2004 1071 2070 ἱζόμενοι
1112 2003 1167 2054 δέ
1210 2003 1263 2055 ἐν
1298 2007 1369 2076 τῷ
1404 2005 1659 2074 Τηϋγέτῳ,
1698 2023 1703 2030 ·

19 2117 21 2120 <
81 2085 186 2150 πῦρ
213 2080 458 2133 ἀνέκαιον.
525 2081 906 2148 Λακεδαιμόνιοι
933 2081 988 2132 δὲ
1020 2079 1227 2139 ἰδόντες,
1257 2081 1481 2151 ἄγγελον
1506 2082 1658 2148 ἕπεμ-
1682 2098 1707 2138 8

19 2189 21 2198 ·
81 2181 201 2220 πον,
243 2161 551 2225 πευσόμενοι
598 2158 729 2212 τίνες
774 2178 833 2209 τε
875 2159 957 2210 καὶ
998 2157 1175 2210 ὁκόθεν
1220 2157 1343 2210 εἶσί.
1401 2159 1451 2210 οἱ
1491 2159 1547 2210 δὲ
1592 2162 1709 2231 τῷ4

83 2236 292 2308 ἀγγέλῳ
340 2234 624 2306 εἶρωτέοντι
669 2237 879 2306 ἔλεγον,
924 2235 993 2289 ὣς
1041 2239 1077 2260 “
1098 2231 1275 2301 ε’ίησαν
1318 2235 1411 2303 μὲν
1456 2233 1662 2295 Μινύαι,

84 2317 264 2370 παῖδες
291 2314 346 2367 δέ
375 2309 475 2366 εἶεν
501 2319 602 2366 τῶν
629 2313 683 2367 ἐν
708 2314 771 2380 τῇ
795 2312 978 2384 Ἀργοῖ
1012 2315 1273 2365 πλεόντων
1298 2311 1492 2383 ἡρώων·
1535 2335 1663 2384 προ-

87 2396 312 2462 σχόντας
340 2392 396 2445 δὲ
423 2389 636 2446 τούτους
674 2392 726 2446 ἐς
754 2393 973 2459 Λῆμνον,
1005 2390 1264 2460 φυτεῦσαί
1292 2389 1520 2466 σφεας.”
1604 2393 1666 2444 Οἶ
1685 2409 1711 2449 5

87 2473 143 2526 δὲ
173 2471 572 2538 Λακεδαιμόνιοι,
601 2469 868 2535 ἀκηκοότες
907 2471 998 2522 τὸν
1032 2471 1194 2536 λόγον
1228 2471 1318 2536 τῆς
1355 2471 1529 2537 γενεῆς
1569 2475 1668 2523 τῶν

87 2549 340 2609 Μινυέων,
368 2548 668 2617 πέμψαντες
702 2551 761 2600 τὸ
790 2546 1043 2618 δεύτερον,
1074 2546 1307 2618 είρῶτεον
1342 2546 1394 2599 τί
1428 2547 1668 2604 θέλοντες

88 2628 258 2698 ἥκοιέν
283 2647 340 2680 τε
365 2627 418 2682 ἐς
443 2625 534 2694 τὴν
558 2627 749 2697 χώρην,
779 2626 861 2681 καὶ
893 2629 998 2698 πῦρ
1033 2621 1241 2680 αἴθοιεν.
1285 2627 1335 2680 οἱ
1362 2625 1417 2678 δὲ
1444 2621 1711 2697 ἔφασανλς
