1975 2892
561 113 1043 163 eAAEIA.--111.
1074 116 1246 176 35-38.
1581 109 1693 163 241

105 177 172 217 01.
195 177 256 217 63.
277 178 416 218 4—64.
437 178 495 225 8.]

105 240 303 305 Κῦρον,
343 235 644 304 πειθόμενόν
687 256 792 289 σοι.
846 236 965 289 ἀλλ’
1015 239 1079 291 οὔ
1121 258 1171 290 τι
1212 238 1425 308 χαίρων·
1468 239 1582 293 ἐπεί
1619 260 1699 291 τοι
1718 256 1745 295 ε

105 316 196 367 καὶ
222 315 384 367 πάλαι
411 313 464 367 ἐς
490 313 554 366 σὲ
589 316 889 384 προφάσιός
915 336 1004 368 τευ
1040 315 1251 383 ἐδεόμην
1290 313 1698 381 ἐπιλαβέσθαι.”

104 395 282 445 Ταῦτα
321 392 378 445 δὲ
417 389 577 453 εἴπας,
617 392 884 460 ἐλάμβανε
924 395 985 446 τὸ
1020 394 1173 459 τόξον
1204 395 1273 448 ὣς
1313 394 1701 461 κατατοξεύσων
1717 409 1742 448 6

103 471 286 524 αὐτόν.
330 472 558 540 Κροῖσος
587 470 644 523 δὲ
679 470 979 540 ἀναδραμὼν
1018 471 1129 523 ἔθεε
1170 472 1289 537 ἔξω·
1333 476 1363 525 ὁ
1398 474 1473 532 δὲ,
1504 472 1615 527 ἐπεί
1644 495 1703 526 τε

105 548 358 614 τοξεῦσαι
385 548 477 601 οὐκ
498 544 623 618 εἶχε,
648 548 933 602 ἐνετείλατο
953 552 1094 602 τοῖσι
1116 549 1419 619 θεράπουσι,
1442 554 1701 615 λαβόντας

103 648 200 695 μιν
226 626 530 680 ἀποκτεῖναι.
576 628 626 679 οἱ
653 627 709 679 δὲ
746 626 1069 697 θεράποντες,
1098 628 1429 696 ἐπιστάμενοι
1464 630 1555 681 τὸν
1580 632 1695 699 τρό-
1718 640 1743 683 'a'

104 726 214 759 πον
252 705 425 765 αὐτοῦ,
470 702 877 775 κατακρύπτουσι
919 708 1010 759 τὸν
1044 710 1289 776 Κροῖσον·
1335 707 1419 760 ἐπὶ
1458 708 1589 780 τῷδε
1627 711 1699 760 τῶ

105 785 275 854 λόγῳ,
306 784 442 836 ὥστε
474 782 520 836 εἶ
544 783 638 851 μὲν
675 782 1021 852 μεταμελήσει
1054 786 1126 856 τῷ
1162 782 1439 852 Καμβύσῃ,
1469 786 1551 838 καὶ
1587 786 1696 839 ἐπι-

109 858 322 928 ζητήσει
362 863 454 915 τὸν
491 864 738 930 Κροῖσον,
781 864 830 913 οἱ
871 863 945 923 δὲ,
989 860 1297 931 ἐκφήναντες
1348 864 1518 924 αὐτὸν,
1562 864 1699 934 δῶρα

105 940 412 1007 λάμψονται
455 941 676 1010 ζωάγρια
723 939 952 1009 Κροίσου
975 952 990 967 ·
1034 940 1097 1009 ἢν
1136 942 1192 994 δὲ
1226 941 1293 1009 μὴ
1330 942 1695 1009 μεταμέληται,

105 1018 242 1085 μηδὲ
279 1017 413 1085 ποθῇ
440 1039 546 1086 μιν,
588 1020 707 1071 τότε
745 1018 1119 1087 καταχρῆσθαι.
1175 1018 1437 1086 Ἐπόθησέ
1474 1042 1532 1073 τε
1570 1020 1633 1087 δὴ
1668 1024 1698 1073 ὁ
1715 1032 1739 1073 8

111 1093 402 1163 Καμβύσης
453 1097 544 1148 τὸν
590 1099 818 1167 Κροῖσον
870 1097 931 1149 οὗ
975 1098 1163 1170 πολλῷ
1207 1098 1473 1165 μετέπειτα
1526 1100 1699 1171 χρόνω

110 1170 352 1244 ὕστερον
398 1175 480 1227 καὶ
505 1175 555 1227 οἱ
583 1174 888 1245 θεράποντες
912 1150 1160 1243 μαθόντεις
1179 1178 1349 1237 τοῦτο,
1373 1174 1700 1247 ἐπήγγελλον

110 1252 252 1324 αὐτῷ
278 1252 346 1307 ὧς
382 1252 597 1323 περιείη.
641 1251 926 1321 Καμβύσης
957 1254 1015 1307 δὲ
1046 1258 1082 1281 “
1107 1254 1317 1326 Κροίσω
1352 1255 1446 1322 μὲν
1482 1253 1737 1322 συνήδε-ο

111 1329 257 1395 σθαι,
299 1331 421 1400 ἔφη,
463 1332 734 1401 περιεόντι·
791 1330 1011 1387 ἐκείνους
1049 1331 1221 1400 μέντοι
1273 1332 1393 1387 τοὺς
1430 1330 1695 1402 περιποιή-

111 1428 306 1464 σαντας
359 1409 419 1461 οὗ
479 1403 928 1479 καταπροΐξεσθαι,
983 1408 1103 1463 ἀλλ’
1159 1406 1533 1463 ἀποκτενέειν.”
1616 1409 1699 1462 καὶ

109 1486 330 1553 ἐποίησε
355 1490 530 1539 ταῦτα.

203 1562 265 1616 ‘0
305 1565 399 1634 μὲν
441 1566 506 1633 δὴ
544 1569 751 1618 τοιαῦτα
794 1564 968 1618 πολλὰ
1016 1562 1068 1618 ἐς
1108 1562 1319 1633 Πέρσας
1355 1584 1413 1615 τε
1452 1565 1534 1617 καὶ
1579 1565 1695 1621 τοὺς
1715 1561 1791 1622 37

109 1642 413 1710 ξυμμάχους
453 1640 759 1709 ἐξεμαίνετο,
787 1640 950 1708 μένων
992 1640 1045 1692 ἐν
1085 1640 1288 1708 Μέμφι,
1328 1641 1409 1692 καὶ
1450 1638 1603 1707 θήκας
1641 1660 1699 1692 τε

108 1720 338 1773 παλαιὰς
371 1718 604 1790 ἀνοίγων,
635 1719 716 1771 καὶ
752 1720 1095 1785 σκεπτόμενος
1129 1718 1248 1772 τοὺς
1287 1715 1509 1788 νεκρούς.
1556 1717 1608 1772 ἐς
1641 1718 1696 1770 δὲ
1715 1734 1738 1772 2

111 1798 179 1864 δὴ
198 1798 280 1850 καὶ
305 1800 396 1849 τοῦ
421 1795 724 1865 Ἡφαίστου
742 1797 802 1849 τὸ
832 1797 940 1865 ἱρὸν
958 1794 1106 1862 ἦλθε,
1137 1797 1217 1849 καὶ
1236 1797 1415 1849 πολλὰ
1432 1800 1504 1868 τῷ
1532 1795 1696 1866 ἀγάλ-

109 1896 236 1944 ματι
283 1875 622 1945 κατεγέλασε.
665 1875 783 1927 ἔστι
825 1875 926 1944 γὰρ
972 1878 1065 1927 τοῦ
1106 1874 1408 1943 Ἡφαίστου
1454 1873 1699 1945 τῶγαλμα

111 1955 256 2007 τοῖσι
299 1947 632 2020 Φοινικηίοισι
678 1946 984 2005 Παταικοῖσι
1032 1953 1435 2024 ἐμφερέστατον,
1483 1953 1603 2007 τοὺς
1648 1953 1698 2004 οἷ

111 2032 345 2086 Φοίνικες
371 2032 427 2085 ἐν
450 2033 572 2099 τῇσι
598 2032 836 2101 πρώρῃσι
869 2036 970 2084 τῶν
1004 2030 1248 2102 τριήρεων
1272 2032 1599 2103 περιάγουσι.
1643 2028 1698 2085 ὃς
1716 2044 1741 2084 8

112 2110 174 2164 δὲ
215 2108 426 2164 τούτους
459 2110 528 2177 μὴ
564 2110 782 2169 ὀπώπεε,
817 2109 918 2179 ἐγὼ
958 2109 1017 2161 δέ
1056 2111 1104 2162 οἱ
1146 2111 1399 2177 σημανέω·
1442 2108 1699 2180 πυγμαίου

111 2188 302 2257 ἀνδρὸς
326 2187 542 2256 μίμησίς
581 2188 712 2241 ἐστι.
753 2186 984 2254 Ἐσῆλθε
1024 2187 1079 2239 δὲ
1108 2188 1189 2239 καὶ
1216 2188 1267 2241 ἐς
1306 2192 1407 2240 τῶν
1434 2186 1701 2255 Καβείρων

110 2267 176 2319 τὸ
205 2268 332 2336 ἱρὸν,
361 2266 415 2320 ἐς
453 2267 514 2319 τὸ
549 2266 609 2318 οὗ
649 2265 853 2333 θεμιτόν
885 2266 1001 2317 ἐστι
1037 2264 1229 2317 ἐσιέναι
1266 2264 1431 2317 ἄλλον
1466 2286 1527 2335 γε
1554 2263 1585 2331 ἢ
1612 2264 1701 2315 τὸν

113 2345 246 2415 ἱρέα·
289 2347 447 2397 ταῦτα
473 2344 528 2397 δὲ
555 2345 618 2397 τὰ
643 2345 913 2415 ἀγάλματα
941 2344 1023 2395 καὶ
1051 2343 1315 2413 ἐνέπρησε,
1344 2344 1519 2396 πολλὰ
1546 2362 1699 2395 κατα-

113 2422 358 2492 σκώψας.
403 2423 516 2475 ἔστι
543 2423 599 2475 δὲ
627 2424 709 2475 καὶ
740 2425 896 2475 ταῦτα
923 2423 1073 2489 ὁμοῖα
1099 2425 1191 2474 τοῦ
1216 2420 1533 2489 Ἡφαίστου·
1579 2418 1696 2473 τού·-
1719 2432 1743 2470 4

112 2522 209 2555 του
237 2500 295 2553 δέ
335 2501 503 2569 σφεας
528 2502 711 2555 παῖδας
744 2500 964 2570 λέγουσι
1004 2521 1150 2553 ειναι.
1356 2501 1599 2567 Πανταχῆ
1633 2498 1701 2552 ὧν
1720 2497 1794 2549 38

113 2600 206 2651 μοι
235 2579 422 2645 ὃῆλά’
393 2600 527 2643 εστι,
554 2577 634 2631 ὅτι
661 2579 816 2647 ἐμάνη
846 2579 1084 2648 μεγάλως
1111 2580 1139 2631 ὁ
1168 2575 1471 2648 Καμβύσης·
1516 2579 1575 2631 οὗ
1600 2579 1702 2648 γὰρ

183 2676 280 2706 1⁸01.
302 2676 332 2707 1.
