1975 2892
702 103 1085 149 Imma—1.
1115 111 1228 162 5·9·
1654 117 1658 122 ·
1711 92 1753 148 5

155 173 220 214 Οἱ.
240 173 305 213 16.
323 171 384 219 L]

161 226 358 294 ἐνόμιζέ
387 227 436 278 οἱ
464 219 589 279 εἶναι
620 228 832 297 γυναῖκα
867 230 1071 281 πολλὸν
1096 225 1305 281 πασέων
1332 226 1639 295 καλλίστην
1683 227 1752 284 ὥς
1770 245 1795 284 2

154 327 218 359 τε
245 306 299 358 δὲ
327 309 486 358 ταῦτα
513 307 743 372 νομίζων·
789 303 850 372 ἦν
874 308 975 377 γάρ
1012 308 1060 359 οἱ
1095 311 1196 359 τῶν
1222 306 1572 401 αἰχμοφόρων
1586 303 1752 378 Γύγης

162 387 192 437 ὅ
221 380 500 437 Δασκύλου
526 383 867 454 ἀρεσκόμενος
892 387 1143 482 μάλιστα·
1214 383 1378 456 τούτῳ
1405 389 1476 457 τῷ
1504 383 1641 454 Γύγῃ
1669 384 1753 436 καὶ

155 463 226 517 τὰ
260 461 670 531 σπουδαιέστερα
705 468 806 514 τῶν
840 465 1151 532 πρηγμάτων
1187 462 1511 531 ὑπερετίθετο
1552 466 1581 515 ὁ
1615 471 1748 515 Καν-

163 538 372 607 δαύλης,
404 541 484 592 καὶ
511 539 572 606 δὴ
601 542 682 592 καὶ
708 542 768 593 τὸ
801 536 935 594 εἶδος·
961 543 1053 609 τῆς
1086 543 1322 611 γυναικὸς
1358 540 1747 610 ὑπερεπαινέων.

158 621 355 688 χρόνου
392 618 448 670 δὲ
484 618 546 669 οὗ
581 621 788 672 πολλοῦ
825 619 1135 675 διελθόντος.
1166 615 1325 688 (χρῆν
1349 620 1449 688 γὰρ
1478 616 1749 685 Κανδαύλῃ
1778 627 1803 668 ⁸

158 695 407 768 γενέσθαι
429 689 634 764 κακῶς,)
657 697 814 764 ἔλεγε
833 698 961 766 πρὸς
987 699 1078 750 τὸν
1105 695 1270 766 Γύγην
1296 696 1485 748 τοιάδε·
1534 700 1569 722 “
1590 694 1749 765 Γύγη,

164 775 224 826 οὗ
251 776 352 845 γάρ
382 795 445 826 σε
473 775 631 826 δοκέω
659 774 930 828 πείθεσθαί
964 796 1053 842 μοι
1087 775 1291 845 λέγοντι
1320 774 1439 844 περὶ
1472 777 1564 826 τοῦ
1592 771 1752 829 εἴδεος

159 855 256 920 τῆς
281 854 534 923 γυναικός·
580 849 710 923 (ὦτα
735 854 835 923 γὰρ
856 854 1098 924 τυγχάνει
1119 852 1435 921 ἀνθρώποισι
1457 850 1603 905 ε’όντα
1631 852 1749 904 ἀπι-

167 932 386 999 στότερα
403 924 736 1000 ὀφθαλμῶν)
764 931 905 984 ποίεε
923 931 1051 986 ὅκως
1068 930 1258 997 ε’κείνην
1275 929 1481 997 θεήσεαι
1496 927 1749 1000 γυμνήν.”

163 1007 226 1061 'O
275 1009 330 1061 δὲ
375 1009 508 1079 μέγα
555 1009 822 1075 ἀμβώσας,
862 1005 990 1062 εἶπε·
1078 1011 1115 1036 “
1136 1009 1396 1069 Δέσποτα,
1435 1008 1548 1060 τίνα
1582 1007 1752 1077 λέγεις
1776 1019 1801 1058 4

159 1088 330 1157 λόγον
365 1088 456 1139 οὐκ
493 1087 654 1157 ὑγιέα,
685 1086 906 1140 κελεύων
939 1110 1005 1156 με
1040 1086 1317 1141 δέσποιναν
1350 1087 1442 1153 τὴν
1474 1085 1598 1154 ἐμὴν
1634 1084 1749 1153 θεῆ-

169 1163 366 1218 σασθαι
399 1163 626 1236 γυμνὴν;
670 1165 772 1233 ἅμα
809 1166 862 1219 δὲ
900 1167 1073 1218 κιθῶνι
1109 1163 1391 1236 ἐκδυομένῳ
1429 1162 1753 1217 συνεκδύεται

164 1244 252 1296 καὶ
278 1242 370 1310 τὴν
395 1243 520 1296 αῖδῶ
545 1241 693 1314 γυνή.
761 1246 922 1297 πάλαι
950 1245 1005 1298 δὲ
1033 1245 1097 1296 τὰ
1119 1244 1249 1296 καλὰ
1268 1241 1585 1311 ἀνθρώποισι
1605 1239 1750 1308 ε’ξεύ·
1774 1256 1799 1295 5

161 1342 334 1392 ρηται,
363 1321 422 1375 ἐκ
448 1327 550 1374 τῶν
575 1321 842 1389 μανθάνειν
868 1324 960 1376 δεῖ·
1022 1321 1077 1375 ὄν
1096 1324 1237 1374 τοῖσι
1254 1319 1307 1373 ἓν
1327 1319 1447 1374 τάδε’
1464 1319 1600 1380 ἐστὶ,
1625 1340 1749 1373 σκο-

161 1399 312 1454 πέειν
331 1400 443 1453 τινὰ
463 1401 526 1452 τὰ
545 1401 750 1452 ἑωυτοῦ.
819 1399 920 1472 ε’γὼ
949 1401 1005 1454 δὲ
1024 1400 1263 1467 πείθομαι
1290 1397 1483 1465 ε’κείνην
1503 1394 1627 1450 εἶναι
1653 1419 1750 1452 πα-
1775 1411 1799 1450 6

165 1478 308 1531 σέων
332 1483 582 1550 γυναικῶν
609 1476 912 1546 καλλίστην·
984 1479 1068 1531 καί
1104 1500 1197 1531 σεο
1232 1476 1407 1544 δέομαι
1440 1475 1509 1544 μὴ
1547 1475 1754 1528 δέεσθαι

167 1553 432 1625 ἀνόμων.”
615 1555 675 1609 ‘O
715 1558 808 1624 μὲν
847 1557 927 1624 δὴ,
964 1556 1135 1627 λέγων
1174 1558 1399 1617 τοιαῦτα,
1440 1555 1751 1622 ἀπεμάχετο,
1775 1551 1813 1604 9

166 1633 443 1704 ἀρρωδέων
480 1633 548 1702 μή
589 1656 639 1686 τι
679 1636 729 1687 οἱ
768 1635 828 1701 ἐξ
868 1634 1059 1688 αὐτέων
1096 1632 1299 1704 γένηται
1340 1634 1507 1686 κακόν.
1596 1630 1657 1683 ‘0
1699 1632 1753 1684 δὲ
1774 1639 1799 1679 2

172 1711 420 1779 ἀμείβετο
458 1710 654 1763 τοῖσδε·
721 1711 992 1777 ςιθάρσει,
1024 1707 1179 1780 Γύγη·
1222 1711 1303 1763 καὶ
1340 1710 1407 1777 μὴ
1436 1711 1611 1780 φοβεῦ
1636 1705 1762 1777 μήτε

172 1789 283 1857 ἐμὲ,
308 1789 375 1842 ὥς
399 1811 493 1842 σεο
514 1789 825 1858 πειρώμενος
844 1789 984 1857 λέγω
1014 1789 1177 1858 λόγον
1200 1790 1364 1842 τόνδε·
1402 1786 1530 1856 μήτε
1554 1790 1763 1858 γυναῖκα

169 1869 267 1934 τὴν
289 1867 428 1934 ἐμὴν,
451 1866 519 1932 μή
542 1888 592 1919 τι
613 1888 693 1919 τοι
723 1867 780 1932 ἐξ
801 1867 954 1930 αὐτῆς
980 1867 1187 1928 γένηται
1212 1869 1440 1931 βλάβος.
1474 1865 1639 1933 ἀρχὴν
1663 1865 1799 1933 γὰρδ

120 1977 126 1982 -
173 1943 280 2014 ἐγὼ
307 1943 665 2012 μηχανήσομαι
691 1944 841 2005 οὕτω,
858 1946 1010 1997 ’ὥστε
1036 1945 1160 2012 μηδὲ
1186 1943 1364 2014 μαθεῖν
1389 1965 1475 2012 μιν
1502 1944 1759 2014 ὀφθεῖσαν

173 2021 278 2074 ὑπὸ
307 2026 420 2074 σεῦ.
466 2021 568 2092 ἐγὼ
602 2024 704 2094 γάρ
743 2045 804 2076 σε
832 2022 886 2078 ἐς
920 2025 980 2076 τὸ
1016 2020 1214 2091 οἴκημα,
1244 2021 1301 2076 ἐν
1335 2026 1407 2096 τῷ
1450 2021 1755 2090 κοιμώμεθα,
1776 2035 1802 2075 4

176 2098 367 2152 ’ὄπισθε
392 2102 481 2169 τῆς
501 2100 825 2170 ἀνοιγομένης
846 2099 1000 2172 θύρης
1020 2100 1220 2170 στήσω·
1263 2103 1392 2170 μετὰ
1419 2099 1463 2153 δ’
1484 2099 1573 2168 ε’μὲ
1599 2100 1755 2152 ε’σελ-

177 2177 333 2230 θόντα
358 2177 612 2248 παρέσται
646 2179 726 2230 καὶ
761 2178 790 2246 ἡ
827 2178 952 2250 γυνὴ
987 2177 1018 2246 ἦ
1052 2178 1146 2247 ἐμὴ
1174 2176 1227 2233 ές
1264 2181 1449 2231 κοῖτον.
1505 2181 1661 2230 κεῖται
1703 2177 1758 2230 δὲ
1779 2195 1803 2236 6

176 2255 346 2325 ἀγχοῦ
372 2259 460 2325 τῆς
487 2255 676 2310 ἐσόδου
704 2255 898 2328 θρόνος·
944 2256 1032 2310 ἐπὶ
1064 2261 1245 2310 τοῦτον
1272 2261 1372 2308 τῶν
1400 2255 1608 2323 ἱματίων
1634 2255 1759 2307 κατὰ

178 2331 234 2386 ἓν
261 2333 478 2387 ἕκαστον
513 2332 798 2388 ἐκδύνουσα
834 2333 1003 2402 θήσει·
1047 2336 1129 2387 καὶ
1171 2333 1275 2385 κατ’
1304 2333 1525 2401 ἡσυχίην
1556 2332 1763 2398 πολλὴν

175 2410 388 2481 παρέξει
414 2434 494 2464 τοι
522 2411 828 2480 θεησασθαι.
866 2411 1021 2466 ε’πεὰν
1040 2413 1095 2465 δὲ
1123 2413 1223 2464 ἀπὸ
1250 2415 1342 2462 τοῦ
1370 2409 1555 2479 θρόνου
1576 2409 1759 2475 στείχῃ
1781 2434 1806 2474 ⁶

176 2488 265 2542 ἐπὶ
305 2490 396 2557 τὴν
435 2490 598 2558 εὐνὴν,
628 2493 753 2542 κατὰ
793 2492 954 2544 νώτου
984 2511 1042 2542 τε
1080 2488 1234 2554 αὐτῆς
1266 2487 1407 2556 γένῃ,
1438 2487 1527 2540 σοὶ
1563 2484 1760 2552 μελέτω

177 2568 240 2622 τὸ
281 2565 512 2622 ε’νθεῦτεν
552 2567 681 2622 ὅκως
728 2567 798 2637 μῆ
849 2590 913 2621 σε
947 2565 1139 2637 ὄψεται
1194 2564 1337 2618 ἰόντα
1382 2563 1467 2616 διὰ
1506 2557 1759 2631 θυρέων.”
