1975 2892
579 134 673 179 ΚΛ
686 134 959 181 ΕΙΩ.-Ῑ.
989 148 1104 197 19²·
1116 148 1225 199 ¹94·
1585 130 1696 190 107

92 196 165 235 οι.
180 196 249 237 ω.
266 196 331 247 a]

97 253 381 322 τεσσέρων
406 251 653 307 εὗπετέως
680 251 959 307 δακτύλων.
1006 253 1061 306 ἐκ
1082 253 1139 307 δὲ
1166 254 1387 324 κέγχρου
1414 254 1496 307 καὶ
1523 256 1691 321 σησά-
1711 270 1740 311 6

95 353 205 399 μου
254 332 387 384 ὅσον
431 352 481 383 τι
524 330 733 401 δένδρον
770 332 1001 401 μέγαθος,
1031 332 1242 402 γίνεται,
1281 333 1690 400 ἐξεπιστάμενος,

96 408 307 477 μνήμην
334 409 394 461 οὗ
420 407 719 477 ποιήσομαι·
765 408 821 461 εὖ
848 409 994 464 εἰδὼς
1020 409 1098 461 ὅτι
1114 411 1254 462 τοῖσι
1272 409 1340 477 μὴ
1369 410 1692 481 ἀπιγμένοισι

98 486 157 541 ές
213 487 311 554 τὴν
356 487 689 554 Βαβυλωνίην
730 489 921 558 χώρην,
969 488 1050 539 καὶ
1093 488 1156 539 τὰ
1205 487 1436 559 εἰρημένα
1490 495 1695 558 καρπῶν

98 564 331 633 ἐχόμενα
384 564 438 619 ἔς
490 565 733 630 ἀπιστίην
793 566 1001 633 πολλὴν
1053 565 1276 618 ἀπῖκται.
1345 565 1584 634 χρέονται
1637 569 1692 621 δὲ
1711 578 1734 619 7

99 644 258 696 οὐδὲν
296 640 472 715 ἐλαίῳ,
502 642 620 696 ἀλλ’
650 642 709 696 έκ
746 648 847 696 τῶν
884 643 1135 711 σησάμων
1172 645 1448 697 ποιεῦντες.
1493 642 1598 697 εἶσὶ
1637 645 1696 698 δέ

100 724 214 791 σφι
242 721 472 791 φοίνικες
497 722 786 791 πεφυκότες
821 722 915 774 ἀνὰ
940 724 1042 775 πᾶν
1068 722 1127 774 τὸ
1163 720 1358 775 πεδίον·
1403 722 1452 775 οἱ
1477 725 1693 778 πλεῦνες

98 801 275 853 αὐτῶν
300 800 641 870 καρποφόροι,
672 798 730 852 έκ
756 805 856 852 τῶν
882 801 963 852 καὶ
1002 800 1145 852 σιτία
1180 800 1262 852 καὶ
1289 794 1426 853 οἶνον
1452 801 1534 853 καὶ
1571 804 1691 869 μέλι

97 881 385 932 ποιεῦνται·
444 878 563 932 τοὺς
617 877 813 931 συκέων
864 879 1056 947 τρόπον
1108 876 1464 947 θεραπεύουσι,
1519 880 1584 932 τά
1634 901 1690 933 τε
1706 891 1730 931 8

98 957 264 1017 ἄλλα,
309 957 391 1009 καὶ
431 955 679 1025 φοινίκων
728 955 849 1011 τοὺς
889 957 1100 1026 ἔρσενας
1130 955 1383 1023 Ἕλληνες
1423 957 1686 1020 καλέουσι,

105 1032 310 1087 τούτων
336 1037 425 1087 τὸν
450 1036 643 1105 καρπὸν
667 1034 961 1105 περιδέουσι
993 1036 1114 1101 τῇσι
1144 1036 1564 1106 βαλανηφόροισι
1589 1042 1690 1088 τῶν

98 1112 371 1183 φοινίκων,
400 1110 481 1166 ἵνα
505 1112 723 1179 πεπαίνῃ
750 1113 810 1165 τέ
834 1114 938 1182 σφι
966 1117 996 1165 ὁ
1022 1113 1135 1182 ψὴν
1159 1112 1251 1181 τὴν
1274 1116 1504 1178 βάλανον
1529 1112 1686 1167 ε’σδῦ-

99 1214 224 1251 νων,
268 1191 349 1243 καὶ
386 1191 455 1259 μὴ
496 1191 719 1262 ἀπορρέῃ
761 1194 789 1245 ὁ
817 1193 1010 1260 καρπὸς
1033 1194 1062 1244 ὁ
1090 1195 1182 1244 τοῦ
1222 1192 1473 1262 φοίνικος.
1517 1193 1688 1263 ψῆνας
1709 1208 1733 1247 9

97 1271 205 1341 γὰρ
234 1268 295 1336 δὴ
336 1270 593 1339 φορέουσι
632 1268 687 1323 ἐν
718 1273 789 1343 τῷ
822 1271 998 1343 καρπῷ
1023 1272 1074 1323 οἱ
1109 1270 1332 1341 ἔρσενες,
1362 1272 1584 1342 κατάπερ
1625 1270 1686 1339 δὴ

98 1350 151 1400 οἱ
179 1346 409 1400 ὄλυνθοι.
470 1396 474 1400 ,

186 1429 257 1481 Τὸ
284 1429 338 1481 δὲ
366 1428 599 1481 ἁπάντων
624 1425 797 1494 θῶυμα
830 1425 1077 1497 μέγιστόν
1110 1428 1204 1496 μοι’
1235 1428 1350 1480 ἐστι
1375 1433 1477 1481 τῶν
1500 1426 1673 1495 ταύτῃ,
1713 1427 1816 1479 194

100 1506 233 1575 μετά
266 1528 331 1574 γε
364 1505 519 1573 αὐτὴν
551 1505 643 1571 τὴν
672 1506 842 1566 πόλιν,
878 1506 1094 1573 ἔρχομαι
1128 1505 1364 1574 φράσων.
1417 1505 1484 1557 τὰ
1517 1507 1677 1559 πλοῖα
1707 1516 1731 1555 2

104 1584 313 1637 αὐτοῖσί
347 1584 459 1637 ἐστι
494 1584 557 1635 τὰ
592 1585 717 1635 κατὰ
750 1583 843 1635 τὸν
878 1582 1108 1650 ποταμὸν
1140 1584 1454 1651 πορευόμενα
1494 1583 1546 1637 ἐς
1583 1582 1678 1649 τὴν

105 1664 405 1724 Βαβυλῶνα,
454 1660 599 1713 ε’όντα
650 1658 973 1727 κυκλοτερέα,
1019 1660 1183 1712 πάντα
1236 1657 1460 1713 σκύτινα.
1520 1660 1676 1713 ἐπεὰν
1705 1682 1731 1721 3

99 1738 207 1809 γὰρ
250 1737 302 1789 έν
340 1740 479 1789 τοῖσι
518 1734 851 1807 Ἀρμενίοισι,
894 1738 1034 1788 τοῖσι
1075 1732 1354 1805 κατύπερθε
1392 1733 1688 1805 Ἀσσυρίων

101 1815 435 1881 οἰκημένοισι,
471 1816 651 1882 νομέας
691 1814 823 1881 ἶτέης
868 1816 1138 1882 ταμόμενοι
1169 1812 1502 1881 ποιήσωνται,
1540 1835 1683 1884 περι-

101 1896 333 1947 τείνουσι
363 1891 595 1945 τοῦτοισι
627 1892 874 1963 διφθέρας
910 1893 1286 1963 στεγαστρίδας
1321 1893 1524 1960 ἔξωθεν,
1569 1893 1682 1945 ἐδά-

103 1974 239 2042 φεος
276 1974 483 2042 τρόπον,
512 1974 630 2023 οὔτε
663 1969 892 2041 πρύμνην
926 1972 1298 2041 ἀποκρίνοντες,
1329 1975 1446 2025 οὔτε
1479 1973 1687 2042 πρὼρην

105 2051 433 2120 συνάγοντες,
462 2048 580 2101 ἀλλ’
609 2049 832 2105 ἀσπίδος
865 2052 1058 2120 τρόπον
1093 2051 1398 2121 κυκλοτερέα
1434 2049 1682 2117 ποιήσαν-

102 2150 207 2183 τες.
279 2129 360 2181 καὶ
412 2129 639 2196 καλάμης
688 2126 980 2195 πλήσαντες
1032 2131 1134 2181 πᾶν
1173 2130 1234 2180 τὸ
1285 2131 1472 2181 πλοῖον
1511 2130 1682 2185 τοῦτο,
1703 2136 1730 2177 4

101 2207 292 2260 άπιᾶσι
318 2207 443 2257 κατὰ
458 2208 548 2258 τὸν
572 2208 800 2273 ποταμὸν
827 2204 1100 2276 φέρεσθαι,
1126 2205 1356 2276 φορτίων
1370 2204 1682 2271 πλήσαντες·

100 2286 336 2354 μάλιστα
363 2284 418 2337 δὲ
444 2284 624 2349 βίκους
658 2279 973 2353 φοινικηΐους
1001 2286 1280 2354 κατάγουσι
1308 2280 1446 2335 οἴνου
1472 2282 1682 2335 πλέους.

104 2360 329 2415 ἶθῦνεται
381 2363 437 2415 δὲ
490 2362 589 2415 ὑπό
641 2383 697 2414 τε
752 2362 841 2415 δύο
888 2360 1179 2432 πλήκτρων,
1230 2360 1311 2412 καὶ
1358 2359 1448 2412 δύο
1491 2360 1686 2429 ἀνδρῶν

104 2441 275 2511 ὀρθῶν
309 2442 589 2492 ἑστεώτων·
635 2442 717 2493 καὶ
749 2444 777 2493 ὁ
812 2441 906 2508 μὲν
936 2442 1044 2492 ἔσω
1079 2440 1220 2491 ἕλκει
1252 2440 1310 2489 τὸ
1341 2440 1618 2507 πλῆκτρον,
1655 2440 1684 2489 ὁ

104 2520 164 2574 δὲ
198 2519 299 2585 ἔξω
331 2518 495 2571 ὠθέει.
536 2518 761 2571 ποιέεται
792 2519 849 2571 δὲ
876 2518 958 2571 καὶ
992 2519 1150 2588 κάρτα
1187 2518 1390 2586 μεγάλα
1427 2519 1584 2567 ταῦτα
1622 2515 1684 2567 τὰ
1706 2530 1731 2569 5

104 2600 284 2663 πλοῖα,
313 2598 395 2650 καὶ
421 2593 661 2649 ἐλάσσω·
704 2597 769 2649 τὸ
808 2597 865 2649 δὲ
903 2595 1128 2666 μέγιστα
1157 2595 1338 2655 αὐτῶν,
1374 2594 1454 2646 καὶ
1499 2614 1684 2647 πεντα-
