1975 2892
576 129 673 174 ΘΑ
686 131 728 174 Λ
740 130 1055 177 EIA.-—111.
1087 140 1257 192 50-53.
1591 124 1709 177 249

103 192 178 230 01.
202 190 264 263 573
286 191 341 239 3.]

106 246 422 314 ἐποιήσατο,
461 244 518 301 ὃς
556 246 684 300 ἂν
655 272 686 317 η
727 249 936 304 οἰκίοισι
976 250 1285 317 ὑποδέξηταί
1320 273 1423 319 μιν,
1461 250 1492 321 ἢ
1531 275 1703 323 προσ-

109 325 390 394 διαλεχθῇ,
447 325 560 396 ἱρὴν
613 327 789 394 ζημίην
840 332 1023 381 τοῦτον
1074 332 1147 403 τῷ
1200 328 1493 383 Ἀπόλλωνι
1552 332 1700 401 ὀφεί-

106 407 252 464 λειν,
297 403 427 471 ὅσην
469 404 530 471 δὴ
565 402 726 460 ε’ίπας.
789 407 919 474 πρὸς
961 405 1032 459 ὧν
1062 407 1123 473 δὴ
1164 410 1316 459 τοῦτο
1355 410 1415 461 τὸ
1452 407 1699 480 κήρυγμα,

109 485 241 535 ουτε
286 482 362 538 τίς
403 483 454 535 οἱ
495 482 844 554 διαλέγεσθαι,
887 487 1007 537 οὔτε
1048 484 1257 538 οἰκίοισι
1302 484 1540 539 δέκεσθαι
1582 487 1699 555 ἤθε-

105 562 201 613 λε·
253 562 383 631 πρὸς
429 560 503 622 δε,
551 562 670 614 οὐδὲ
713 562 866 616 αὐτὸς
917 561 1106 618 ἐκεῖνος
1157 561 1375 617 ἐδικαίευ
1427 565 1701 635 πειρᾶσθαι

110 639 474 708 ἀπειρημένου,
549 639 688 693 ἀλλὰ
759 630 1125 711 διακαρτερέων
1191 641 1245 694 ἐν
1316 645 1438 709 τῇσι
1512 645 1700 711 στοῇσι

113 717 456 770 ἐκαλινδέετο.
511 719 725 786 τετάρτῃ
763 718 806 773 δ’
845 717 1003 789 ἡμέρη
1041 720 1161 773 ἰδών
1198 741 1286 787 μιν
1326 722 1355 772 6
1388 721 1735 792 Περίανδροςπ

111 795 407 862 ἀλουσίησί
457 818 514 848 τε
567 796 648 849 καὶ
701 796 936 863 ἆσιτίησι
989 801 1415 865 συμπεπτωκότα,
1463 796 1697 870 οἴκτειρε·

112 873 264 928 ὑπεὶς
305 874 360 927 δὲ
400 876 490 942 τῆς
529 874 702 945 ὀργῆς,
737 877 822 942 ἤῖε
861 874 1052 937 ἆσσον,
1082 878 1165 931 καὶ
1202 878 1377 947 ἔλεγε
1430 882 1465 904 “
1479 872 1549 931 Ὠ
1588 882 1740 939 παῖζε

111 954 302 1022 κότερα
347 951 542 1006 τούτων
587 954 893 1023 αἱρετώτερά
939 955 1073 1020 ἐστι,
1121 959 1280 1009 ταῦτα
1325 956 1389 1009 τὰ
1435 960 1523 1010 νῦν
1567 958 1702 1027 ἔχων

110 1028 393 1101 πρήσσεις,
421 1030 452 1098 ἢ
480 1031 572 1099 τὴν
596 1032 862 1103 τυραννίδα
900 1034 981 1085 καὶ
1017 1033 1182 1104 ἀγαθὰ
1217 1035 1281 1087 τὰ
1314 1037 1404 1087 νῦν
1438 1034 1539 1101 ἐγὼ
1574 1036 1605 1087 ἔ
1598 1058 1698 1105 χω,

112 1112 295 1170 ταῦτα,
325 1110 472 1163 ἐόντα
510 1113 581 1182 τῷ
621 1111 774 1180 πατρὶ
814 1110 1096 1178 ἐπιτήδεον,
1132 1114 1586 1182 παραλαμβάνειν;
1644 1112 1701 1169 ὃς

114 1187 216 1239 ἐὼν
235 1187 353 1254 ἐμός
378 1210 435 1241 τε
459 1190 596 1249 παῖς,
616 1190 698 1243 καὶ
716 1190 967 1259 Κορίνθου
994 1192 1083 1258 τῆς
1108 1189 1403 1259 εὐδαίμονος
1426 1191 1698 1256 βασιλεὺς,

113 1264 312 1333 ἀλήτην
335 1266 456 1331 βίον
481 1263 644 1327 εἵλευ,
673 1267 1016 1322 ἀντιστατέων
1049 1289 1107 1322 τε
1134 1270 1215 1322 καὶ
1250 1269 1380 1339 ὀργῇ
1413 1274 1701 1339 χρεώμενος

115 1344 171 1398 ἐς
197 1345 288 1397 τόν
314 1365 378 1397 σε
405 1344 589 1413 ἥκιστα
617 1344 788 1416 ἐχρῆν.
833 1347 879 1399 εἰ
903 1347 1005 1417 γάρ
1032 1369 1109 1403 τις
1144 1347 1390 1418 συμφορὴ
1419 1348 1473 1399 ἐν
1498 1348 1738 1402 αὐτοῖσι4

115 1424 368 1493 ἐγεγόνεε,
413 1424 470 1490 ἐξ
517 1422 575 1491 ἧς
617 1424 849 1494 ὑποψίην
889 1426 942 1479 ἐς
985 1425 1072 1493 ἐμὲ
1116 1426 1271 1494 ἔχεις·
1328 1425 1442 1491 ἐμοί
1480 1446 1536 1477 τε
1574 1422 1699 1492 αὕτη

113 1501 317 1573 γέγονε,
337 1502 418 1555 καὶ
445 1502 546 1571 ἐγὼ
572 1502 726 1570 αὐτῆς
752 1506 811 1556 τὸ
838 1504 1001 1557 πλεῦν
1025 1502 1243 1571 μέτοχός
1270 1502 1389 1570 εἶμι,
1410 1500 1521 1575 ὅσῳ
1548 1503 1700 1558 αὗτός

117 1582 232 1648 σφε
258 1580 630 1650 ἐξεργασάμην.
676 1581 745 1634 σὺ
772 1582 828 1635 δὲ
863 1580 1038 1649 μαθὼν
1064 1579 1175 1653 ὅσῳ
1202 1580 1517 1651 φθονέεσθαι
1544 1580 1696 1652 κρέσ-
1712 1592 1739 1635 6

119 1680 219 1712 σον
245 1658 360 1712 ἐστὶ
385 1656 414 1725 ἢ
443 1658 801 1729 οἰκτείρεσθαι,
821 1660 923 1727 ἅμα
949 1681 1005 1712 τε
1032 1661 1201 1713 ὁκοῖόν
1226 1679 1276 1711 τι
1303 1659 1355 1713 ἐς
1380 1658 1498 1713 τοὺς
1524 1658 1701 1713 τοκέας

117 1736 204 1790 καὶ
229 1736 282 1791 ἐς
306 1735 425 1792 τοὺς
451 1737 738 1807 κρέσσονας
772 1737 1115 1806 τεθυμῶσθαι,
1145 1736 1289 1791 ἄπιθι
1325 1738 1377 1792 ἐς
1413 1738 1475 1789 τὸ
1502 1733 1696 1790 οἶκία.”

117 1815 430 1885 Περίανδρος
453 1816 548 1884 μὲν
573 1814 804 1869 τούτοισι
831 1816 983 1869 αὐτὸν
1011 1817 1379 1883 κατελάμβανε·
1424 1818 1454 1868 6
1482 1815 1537 1869 δέ
1562 1815 1699 1869 ἄλλο
1714 1826 1742 1869 ο

117 1894 213 1961 μὲν
237 1894 386 1947 οὐδὲν
411 1894 674 1961 ἀμείβεται
700 1897 791 1947 τὸν
815 1895 1028 1966 πατέρα,
1056 1896 1159 1965 ἔφη
1189 1896 1248 1949 δέ
1270 1916 1357 1964 μιν
1385 1893 1496 1966 ἱρὴν
1524 1894 1701 1963 ζημίην

117 1971 354 2040 ὀφείλειν
379 1977 450 2046 τῷ
477 1972 595 2045 θεῷ,
625 1974 796 2047 ἑωυτῷ
821 1974 874 2029 ἐς
897 1976 1090 2044 λόγους
1116 1974 1438 2043 ἀπικόμενον.
1509 1972 1701 2028 Μαθὼν
1716 1980 1740 2024 7

119 2051 178 2103 δὲ
205 2054 234 2103 6
259 2050 572 2122 Περίανδρος
609 2051 677 2106 ὡς
711 2051 905 2123 ἄπορόν
939 2072 990 2104 τι
1026 2053 1086 2105 τὸ
1124 2054 1275 2107 κακὸν
1300 2050 1374 2131 εἴη
1402 2056 1494 2105 τοῦ
1520 2053 1701 2107 παιδὸς

121 2129 204 2181 και
242 2128 490 2196 ἀνίκητον,
530 2129 589 2195 ἐξ
629 2129 915 2199 ὀφθαλμῶν
953 2150 1041 2197 μιν
1078 2130 1445 2198 ἀποπέμπεται,
1490 2129 1703 2183 στείλας

119 2207 305 2279 πλοίῳ,
335 2208 388 2263 ἐς
424 2209 701 2279 Κέρκυραν·
745 2209 1013 2279 ἐπεκράτεε
1052 2209 1153 2279 γὰρ
1194 2209 1275 2260 καὶ
1313 2205 1514 2275 ταύτης.
1568 2206 1697 2261 άπο-
1718 2215 1743 2255 8

124 2286 331 2341 στείλας
373 2287 428 2341 δέ
469 2290 652 2340 τοῦτον
691 2291 720 2340 6
752 2286 1084 2356 Περίανδρος,
1114 2282 1447 2356 ἐστρατεύετο
1489 2286 1574 2339 ἐπὶ
1612 2286 1703 2337 τὸν

122 2363 363 2435 πενθερὸν
403 2365 662 2435 Προκλέα,
709 2366 777 2420 ὥς
819 2370 919 2417 τῶν
963 2367 1256 2433 παρεόντων
1297 2364 1346 2416 οἱ
1392 2364 1702 2433 πρηγμάτων

125 2444 268 2495 ἐόντα
292 2443 604 2497 αἰτιώτατον·
649 2444 732 2497 καὶ
768 2439 882 2497 εἶλε
917 2442 1011 2512 μὲν
1036 2442 1127 2510 τὴν
1151 2441 1475 2511 Ἐπίδαυρον,
1504 2436 1619 2494 εἷλε
1645 2440 1701 2493 δέ

125 2520 274 2574 αὐτὸν
290 2521 547 2591 Προκλέα,
577 2523 659 2576 καὶ
686 2522 965 2592 ἐζώγρησε.
1118 2520 1262 2575 Ἐπεὶ
1290 2520 1366 2579 δέ,
1395 2524 1487 2572 τοῦ
1512 2522 1701 2590 χρόνου
1724 2520 1801 2573 53

125 2600 507 2669 προβαίνοντος,
537 2600 568 2653 ὅ
603 2622 659 2655 τε
685 2600 1001 2671 Περίανδρος
1035 2597 1345 2671 παρηβήκεε,
1376 2598 1459 2652 καὶ
1494 2619 1699 2669 συνεγι-
