1975 2892
237 34 352 93 232
825 48 1229 92 ΗΡοΔοΤοΥ

1452 99 1583 145 [A.C.
1604 99 1827 139 525—-522,

193 178 219 220 ε
239 155 559 224 δουλοσύνην
584 156 880 227 ἀνθρώπους
905 154 1000 227 ἦγε
1032 156 1116 210 ὑπ’
1146 156 1217 209 ὧν
1240 156 1396 225 μηδὲν
1421 153 1674 224 ἠδίκηται.
1739 162 1829 211 νῦν

237 238 294 290 δὲ
320 236 454 308 αὐτῷ
473 236 625 302 τόξον
644 236 760 288 τόδε
782 236 1023 296 διδόντες,
1041 236 1162 289 τάδε
1189 236 1312 289 ἔπεα
1329 234 1527 304 λέγετε·
1558 236 1829 290 Βασιλεὺς

236 319 266 368 ὁ
304 314 562 368 Αἰθιόπων
603 311 949 381 συμβουλεύει
988 316 1061 386 τῷ
1103 312 1347 383 Περσέων
1383 314 1619 377 βασιλεῖ,
1660 312 1831 368 ἐπεὰν

237 390 368 445 οὕτω
406 392 652 447 εὐπετέως
689 391 889 444 ἕλκωσι
925 392 987 443 τὰ
1023 391 1150 458 τόξα
1176 390 1377 460 Πέρσαι
1416 389 1564 444 ε’όντα
1604 392 1833 462 μεγάθεΐ

236 474 481 532 τοσαῦτα,
524 474 641 524 τότε
685 468 764 523 ἐπ’
805 469 1054 523 Αἶθίοπας
1094 469 1213 524 τοὺς
1254 468 1583 537 Μακροβίους
1628 468 1834 537 πλήθεΐ

197 566 222 607 ⁶
239 550 692 619 ὑπερβαλλόμενον
719 547 1109 617 στρατεύεσθαι.
1151 546 1303 617 μέχρι
1331 547 1386 599 δὲ
1414 544 1617 608 τούτου,
1648 546 1831 601 θεοῖσι

236 627 420 680 εἰδέναι
445 628 614 697 χάριν,
644 622 694 679 οἳ
729 626 819 678 οὐκ
855 625 940 679 ε’πὶ
967 628 1085 678 νόον
1109 626 1357 695 τρέπουσι
1383 625 1643 680 Αἰθιόπων
1664 628 1831 681 παισὶ

143 708 222 761 22
237 707 334 775 γῆν
374 705 540 771 ἄλλην
581 702 941 773 προσκτᾶσθαι
977 706 1039 771 τῇ
1082 699 1339 756 ἐωυτῶν.”
1546 708 1725 759 Ταῦτα
1770 706 1829 758 δὲ

237 780 398 843 εἶπας,
417 784 498 835 καὶ
517 782 650 836 ἀνεὶς
677 783 735 833 τὸ
760 780 932 847 τόξον,
949 781 1213 850 παρέδωκε
1230 783 1371 834 τοῖσι
1396 780 1601 850 ἥκουσι.
1636 784 1830 847 λαβὼν

235 860 292 913 δὲ
319 860 378 913 τὸ
405 855 520 927 εἷμα
546 860 604 911 τὸ
630 856 946 928 πορφύρεον,
976 858 1159 929 εἰρώτα
1185 858 1216 911 ὅ
1249 880 1299 912 τι
1335 856 1428 926 εἴη,
1457 862 1539 913 καὶ
1564 860 1698 916 ὅκως
1724 883 1825 915 πε-

198 936 521 1003 Ξποιημένον.
567 936 813 990 εἰπόντων
848 937 904 989 δὲ
938 943 1041 990 τῶν
1066 936 1426 1007 Ἰχθυοφάγων
1451 937 1543 1007 τὴν
1568 934 1828 1007 ἀληθηΐην

235 1016 351 1084 περὶ
386 1017 476 1083 τῆς
509 1012 780 1085 πορφύρης
816 1016 898 1068 καὶ
937 1018 1027 1083 τῆς
1064 1016 1260 1085 βαφῆς,
1290 1016 1535 1086 δολεροὺς
1568 1018 1666 1085 μὲν
1697 1018 1825 1073 τοὺς

199 1092 531 1164 θάνθρώπους
557 1094 659 1163 ἔφη
687 1088 829 1153 εἶναι,
859 1094 1050 1163 δολερὰ
1086 1094 1141 1146 δὲ
1177 1094 1342 1146 αὐτῶν
1367 1095 1431 1147 τὰ
1458 1091 1655 1162 εἵματα.
1702 1095 1823 1149 δεύ-

235 1192 357 1240 τερα
384 1171 456 1232 δὲ,
477 1172 565 1224 τὸν
589 1174 822 1242 χρυσοῦν
847 1170 1029 1241 εἰρώτα
1057 1172 1312 1241 πρεπτὸν
1335 1173 1426 1226 τὸν
1443 1171 1824 1243 περιαυχένιον,

236 1250 318 1302 καὶ
357 1250 421 1302 τὰ
460 1249 650 1320 ψέλια.
708 1246 1053 1318 ἐξηγεομένων
1092 1249 1147 1302 δὲ
1188 1254 1289 1303 τῶν
1325 1249 1691 1321 Ἰχθυοφάγων
1729 1254 1827 1307 τὸν

237 1329 434 1396 κόσμον
471 1328 651 1388 αὐτῶν,
680 1328 911 1397 γελάσας
947 1330 975 1381 ὁ
1011 1326 1281 1392 βασιλεὺς,
1311 1329 1394 1382 καὶ
1434 1329 1652 1397 νομίσας
1692 1325 1827 1383 εἶναί

239 1410 382 1477 σφεα
407 1406 582 1467 πέδας,
612 1401 722 1459 εἶπε
757 1406 826 1459 ὣς
858 1402 980 1476 παρ’
1010 1406 1248 1459 ἐωυτοῖσί
1283 1406 1389 1459 εἶσι
1422 1404 1822 1479 ῥωμαλεώτεραι

149 1492 187 1539 ί.
203 1483 431 1539 ὅτοῦτων
468 1486 633 1540 πέδαι.
687 1484 860 1556 τρίτον
900 1485 973 1545 δὲ,
1014 1484 1195 1554 εἰρώτα
1234 1485 1292 1537 τὸ
1331 1483 1511 1555 μύρον.
1568 1484 1824 1540 εἰπόντων

238 1565 294 1617 δὲ
320 1566 409 1632 τῆς
434 1562 671 1631 ποιήσιος
695 1562 812 1633 πέρι
839 1562 920 1615 καὶ
955 1562 1217 1637 ἀλείψιος,
1247 1564 1335 1615 τὸν
1360 1562 1513 1615 αὐτὸν
1536 1564 1705 1634 λόγον
1728 1566 1822 1618 τὸν

201 1643 319 1694 θκαὶ
345 1643 462 1713 περὶ
489 1646 580 1695 τοῦ
607 1639 806 1710 εἵματος
842 1637 968 1695 εἷπε.
1015 1642 1083 1696 ὧς
1117 1640 1173 1693 δὲ
1210 1640 1262 1695 ἐς
1296 1642 1385 1694 τὸν
1420 1636 1557 1694 οἶνον
1583 1641 1818 1704 ἀπίκετο,

237 1722 318 1773 καὶ
355 1719 568 1774 ἐπύθετο
604 1721 759 1773 αὐτοῦ
794 1720 886 1787 τὴν
909 1718 1137 1786 ποίησιν,
1167 1718 1471 1789 ὑπερησθεὶς
1506 1724 1580 1793 τῷ
1602 1723 1816 1788 πόματι,

237 1797 466 1868 ἐπείρετο
494 1792 599 1850 δ’τι
624 1819 680 1851 τε
708 1798 930 1850 σιτέεται
957 1800 985 1851 ὁ
1012 1796 1283 1862 βασιλεὺς,
1303 1798 1385 1850 καὶ
1410 1799 1599 1867 χρόνον
1624 1800 1820 1853 ὁκόσον

199 1896 225 1941 ⁷
235 1878 550 1945 μακρότατον
575 1874 699 1946 ἀνὴρ
726 1876 934 1946 Πέρσης
963 1876 1092 1941 ζώει.
1136 1876 1185 1928 οἱ
1222 1874 1278 1928 δὲ
1314 1874 1578 1929 σιτέεσθαι
1604 1876 1701 1944 μὲν
1726 1880 1817 1931 τὸν

234 1951 390 2022 ἄρτον
416 1947 578 2013 εἶπαν,
597 1954 966 2022 ἐξηγησάμενοι
992 1958 1094 2005 τῶν
1117 1958 1291 2023 πυρῶν
1316 1952 1407 2020 τὴν
1427 1951 1609 2022 φύσιν·
1644 1953 1810 2024 ‹3736›-

234 2050 389 2083 κοντα
419 2028 463 2083 δ’
491 2030 605 2082 ἔτεα
646 2031 762 2097 ζόης
800 2029 1054 2100 πλήρωμα
1093 2030 1238 2101 ἀνδρὶ
1276 2034 1591 2101 μακρότατον
1624 2030 1809 2101 προκέ-

197 2107 404 2173 aeaeae.
447 2110 578 2178 πρὸς
615 2112 773 2161 ταῦτα
808 2110 837 2160 ό
865 2108 1065 2175 Αἰθίοψ
1100 2110 1222 2177 ἔφη.
1251 2108 1399 2162 οὐδὲν
1439 2108 1735 2175 θωυμάζειν,
1764 2110 1812 2163 εἴ

237 2190 520 2255 σιτεόμενοι
563 2189 769 2256 κόπρον,
812 2186 926 2239 ἔτεα
970 2186 1126 2257 ὀλίγα
1173 2187 1380 2249 ζώουσι·
1439 2185 1558 2239 οὐδὲ
1601 2187 1703 2257 γὰρ
1748 2188 1810 2241 ἂν

228 2269 460 2317 τοσαῦτα
487 2262 734 2319 δύνασθαι
763 2265 904 2329 ζώειν
931 2262 1118 2332 σφέας,
1146 2262 1191 2315 εἷ
1215 2263 1284 2331 μὴ
1312 2264 1384 2336 τῷ
1408 2266 1595 2332 πόματι
1620 2263 1803 2333 άνέφε-

233 2360 340 2406 ρον,
371 2343 582 2409 φράζων
607 2344 747 2394 τοῖσι
771 2340 1169 2411 Ἰχθυοφάγοισι
1204 2343 1294 2394 τὸν
1330 2336 1485 2394 οἶνον·
1526 2344 1680 2394 τοῦτο
1702 2344 1803 2413 γὰρ

129 2412 209 2465 23
233 2413 449 2469 ἐωυτὉὺς
487 2418 586 2470 ὑπὸ
617 2417 865 2487 Περσέων
899 2417 1211 2471 ἑσσοῦσθαι.
1416 2417 1802 2488 Ἀντειρομένων

232 2485 287 2534 δὲ
315 2489 404 2538 τὸν
435 2494 663 2551 βασιλέα
699 2500 799 2548 τῶν
821 2495 1185 2565 Ἰχθυοφάγων
1220 2498 1309 2565 τῆς
1348 2498 1460 2563 ζόης
1496 2497 1577 2549 καὶ
1611 2496 1802 2558 διαίτης
