1975 2892
288 88 368 144 74
861 101 1273 146 ΗΡοΔοΤογ
1958 86 1959 145 ἐ

1627 149 1700 193 [Α.
1714 148 1759 188 c.
1776 151 1870 193 54⁰.
1958 154 1959 201 ÷

287 208 413 278 άγης
448 206 725 279 ἐζωγρήθη,
756 211 836 264 καὶ
862 211 982 265 τοὺς
1009 208 1226 281 ἐξήγαγε
1261 214 1362 263 τῶν
1397 206 1585 277 Μήδων
1611 212 1869 275 ἀπέβαλε.
1957 210 1959 233 *

163 293 277 347 129
296 284 464 339 Ἐόντι
512 286 565 337 δὲ
609 286 916 357 αἰχμαλώτῳ
956 288 1028 357 τῷ
1074 284 1352 357 Ἀστυάγεϊ
1393 290 1624 359 προστὰς
1667 292 1698 341 ὁ
1738 287 1874 358 Ἀρ-
1958 320 1959 334 1

296 385 473 426 παγος,
519 362 786 430 κατέχαιρέ
827 384 883 415 τε
930 364 1012 415 καὶ
1055 367 1426 434 κατεκερτόμεε,
1472 368 1554 419 καὶ
1597 367 1739 418 ἄλλα
1779 367 1876 419 λέ-

287 464 394 513 γων
436 442 486 495 ἐς
522 442 675 493 αὐτὸν
714 440 976 513 θυμαλγέα
1017 443 1155 504 ἔπεα,
1199 444 1282 495 καὶ
1324 443 1384 508 δὴ
1427 443 1511 495 καὶ
1552 441 1715 512 εἴρετό
1760 466 1873 511 μιν,

287 521 417 589 πρὸς
442 521 502 572 τὸ
530 520 719 571 ε’ωυτοῦ
746 522 966 579 δεῖπνον,
988 523 1049 571 τό
1074 542 1161 588 μιν
1180 520 1366 575 ἐκεῖνος
1388 520 1544 585 σαρξὶ
1569 524 1660 573 τοῦ
1686 522 1877 575 παιδὸς

288 596 529 658 ε’θοίνισε,
561 601 596 622 “
616 597 647 649 ὅ
684 618 735 649 τι
771 596 845 665 εἴη
886 597 916 664 ἦ
958 597 1150 650 ε’κείνου
1191 595 1480 665 δουλοσύνη
1507 598 1618 651 ἀντὶ
1651 600 1744 665 τῆς
1767 601 1875 662 βα·

251 669 545 741 2σιληΐης.”
614 677 643 727 ὁ
696 676 755 727 δέ
801 698 887 744 μιν
938 676 1202 744 προσιδὼν
1255 675 1528 744 ἀντείρετο,
1575 674 1622 727 εἶ
1675 677 1877 729 ἑωυτοῦ

248 764 273 803 8
288 753 511 805 ποιέεται
538 753 597 804 τὸ
626 750 795 823 Κύρου
827 755 994 823 ἔργον.
1057 752 1324 823 ‘'Apu-aym·
1359 753 1414 805 δὲ
1439 754 1559 821 ἔφη,
1590 754 1742 807 αὐτὸς
1765 754 1877 824 γὰρ
1960 770 1961 775 ’

246 831 509 899 Δγράψαι,
530 830 589 882 τὸ
616 833 823 901 πρῆγμα
851 834 1040 883 ἑωυτοῦ
1068 832 1128 898 δὴ
1156 831 1358 885 δικαίως
1383 826 1524 883 εἶναι.
1579 829 1880 901 Ἀστυάγης

289 906 348 958 δέ
370 926 457 973 μιν
483 906 732 975 ἀπέφαινε
751 915 823 981 τῷ
840 912 983 981 λόγῳ
1008 913 1043 935 “
1063 911 1364 961 σκαιότατόν
1382 930 1438 960 τε
1459 910 1540 961 καὶ
1560 908 1880 963 ἀδικώτατον

290 983 437 1035 ἐόντα
462 985 664 1037 πάντων
695 986 989 1056 ἀνθρώπων·
1037 988 1341 1040 σκαιότατον
1376 986 1470 1053 μέν
1498 1008 1578 1055 γε,
1608 986 1654 1038 εἷ
1678 990 1881 1056 παρεὸν

288 1061 423 1133 αὐτῷ
448 1062 677 1126 βασιλέα
702 1064 958 1133 γενέσθαι,
989 1064 1035 1115 εἷ
1062 1064 1122 1131 δὴ
1151 1064 1214 1117 δι’
1245 1066 1434 1116 ἑωυτοῦ
1460 1085 1521 1133 γε
1549 1063 1779 1134 ἐπρήχθη
1805 1066 1880 1119 τὰ
1959 1058 1961 1069 ἢ

286 1142 556 1208 παρεόντα,
598 1140 747 1213 ἄλλῳ
786 1141 1050 1212 περιέθηκε
1089 1144 1150 1194 τὸ
1189 1143 1388 1212 κράτος·
1444 1142 1754 1195 ἀδικώτατον
1793 1144 1876 1203 δὲ,

246 1214 368 1268 δὸτι
394 1219 485 1268 τοῦ
523 1217 728 1270 δείπνου
769 1216 953 1271 εἵνεκεν
989 1218 1197 1287 Μήδους
1235 1216 1609 1272 κατεδούλωσε.
1692 1218 1738 1271 εἰ
1769 1221 1878 1291 γὰρ

290 1292 351 1361 δὴ
382 1294 495 1346 δέον
520 1295 721 1350 πάντως
745 1296 1022 1367 περιθεῖναι
1049 1296 1197 1368 ἄλλῳ
1223 1296 1321 1368 τέῳ
1348 1295 1440 1363 τὴν
1465 1291 1763 1363 βασιληίην,
1789 1300 1879 1351 καὶ

286 1371 355 1439 μὴ
382 1372 535 1425 αὐτὸν
560 1373 712 1441 ἔχειν,
744 1375 1053 1445 δικαιότερον
1079 1370 1204 1428 εἶναι
1231 1373 1421 1441 Μήδων
1445 1374 1542 1446 τέῳ
1567 1377 1876 1444 περιβαλεῖν
1960 1378 1961 1381 ’

246 1464 271 1504 6
289 1454 440 1503 τοῦτο
468 1453 527 1503 τὸ
554 1450 745 1521 ἀγαθὸν
770 1451 801 1521 ἢ
830 1452 1096 1521 Περσέων.
1157 1456 1244 1505 νῦν
1271 1452 1326 1505 δὲ
1355 1450 1562 1519 Μήδους
1587 1453 1697 1519 μὲν,
1727 1452 1876 1506 ἀναι-

288 1528 428 1582 τίους
453 1527 637 1581 τούτου
666 1530 853 1591 ἐόντας,
884 1528 1104 1584 δούλους
1130 1530 1241 1583 ἀντὶ
1269 1531 1562 1583 δεσποτέων
1586 1530 1873 1600 γεγονέναι·

238 1654 245 1659 .
289 1604 497 1675 Πέρσας
524 1607 597 1667 δὲ,
630 1605 847 1662 δούλους
874 1608 1047 1662 ἐόντας
1073 1610 1131 1660 τὸ
1157 1610 1278 1679 πρὶν
1304 1605 1514 1675 Μήδων,
1544 1611 1632 1661 νῦν
1655 1609 1876 1678 γεγονέ-

292 1704 368 1736 ναι
396 1682 711 1740 δεσπότας.”

159 1763 271 1816 130
368 1763 657 1837 Ἀστυάγης
690 1766 785 1835 μέν
820 1788 922 1829 νυν,
964 1762 1291 1829 βασιλεύσας
1327 1765 1404 1821 ἐπ’
1443 1768 1558 1819 ἔτεα
1591 1765 1742 1821 πέντε
1781 1769 1870 1821 καὶ

154 1842 249 1921 2332
291 1842 571 1906 τριήκοντα,
616 1842 745 1898 οὕτω
796 1847 886 1914 τῆς
936 1838 1216 1911 βασιληίης
1269 1842 1608 1913 κατεπαύσθη·
1691 1846 1868 1913 Μῆδοι

155 1932 242 1972 660.
288 1918 342 1969 δὲ
372 1918 641 1988 ὑπέκυψαν
681 1921 921 1990 Πέρσῃσι
962 1922 1048 1974 διὰ
1087 1922 1178 1988 τὴν
1217 1920 1403 1975 τούτου
1441 1924 1738 1991 πικρότητα,
1779 1921 1878 1991 ἅρ-

287 1994 463 2060 ξαντες
504 1998 593 2064 τῆς
628 1996 728 2049 ἅνω
761 1996 955 2053 Ἀλυος
986 2002 1221 2067 ποταμοῦ
1252 1998 1435 2065 Ἀσίης
1470 1998 1548 2052 ἐπ’
1575 2001 1691 2051 ἔτεα
1727 1998 1878 2068 τριή-

287 2092 439 2125 κοντα
476 2074 559 2127 καὶ
596 2076 774 2128 ἑκατὸν
800 2078 933 2129 δυῶν
959 2076 1156 2136 δέοντα,
1185 2077 1350 2147 πάρεξ
1385 2075 1416 2145 ἢ
1455 2075 1583 2129 ὅσον
1607 2077 1659 2129 οἱ
1687 2074 1882 2129 Σκῦθαι

243 2162 269 2202 2
287 2148 466 2222 ἦρχον.
559 2151 787 2227 Ὑστέρφ
833 2154 1006 2222 μέντοι
1057 2156 1229 2227 χρόνῳ
1283 2154 1605 2223 μετεμέλησέ
1654 2154 1714 2219 τέ
1767 2157 1883 2224 σφι

285 2235 444 2283 ταῦτα
470 2228 743 2298 ποιήσασι,
764 2232 845 2283 καὶ
872 2232 1174 2299 ἀπέστησαν
1200 2232 1302 2286 ἀπὸ
1331 2232 1566 2302 Δαρείου·
1607 2232 1882 2285 ἀποστάν-

239 2322 265 2361 8
287 2328 370 2363 τες
398 2309 470 2371 δὲ,
500 2308 671 2362 ὀπίσω
714 2309 1202 2379 κατεστράφθησαν,
1231 2311 1370 2378 μάχῃ
1399 2310 1696 2377 νικηθέντες.
1755 2313 1884 2365 τότε

286 2385 341 2435 δὲ
385 2386 470 2438 ἐπὶ
502 2386 815 2456 Ἀστυάγεος
856 2389 903 2439 οἱ
940 2387 1144 2457 Πέρσαι
1183 2409 1240 2440 τε
1280 2389 1364 2441 καὶ
1404 2391 1433 2441 ὁ
1477 2392 1642 2458 Κῦρος
1681 2388 1880 2441 ἐπανα-

287 2463 504 2518 στάντες
529 2466 669 2515 τοῒσι
687 2462 933 2530 Μήδοισι,
950 2462 1114 2533 ἦρχον
1140 2467 1199 2517 τὸ
1226 2466 1327 2518 ἀπὸ
1353 2464 1539 2519 τούτου
1565 2468 1655 2532 τῆς
1668 2463 1882 2533 Ἀσίης.

283 2540 579 2608 Ἀστυάγεα
619 2540 676 2591 δὲ
718 2544 902 2609 Κῦρος,
938 2542 1091 2593 κακὸν
1130 2541 1280 2596 οὐδὲν
1318 2543 1454 2597 ἄλλο
1493 2542 1735 2611 ποιήσας,
1767 2540 1886 2615 εἶχε
