1975 2892
118 196 229 245 m]
492 142 1020 190 ΕΥΤΕΡΠΗ.--ιι.
1057 155 1292 206 122-125.
1574 133 1688 195 187

119 258 313 316 Χέοπα,
370 255 421 311 ἐς
478 258 653 309 πᾶσαν
704 260 953 324 κακότητα
1007 259 1220 311 ἐλάσαι.
1291 253 1694 326 κατακληίσαντα
1713 276 1738 316 2

117 335 219 404 γάρ
245 355 333 402 μιν
356 335 522 386 πάντα
546 335 609 387 τὰ
638 335 739 404 ἱρὰ,
768 341 945 406 πρῶτα
979 336 1073 403 μέν
1101 338 1271 405 σφεας
1291 337 1510 389 θυσιέων
1535 337 1693 406 ἀπέρ-

120 413 223 478 ξαι·
267 412 396 480 μετὰ
432 413 504 478 δὲ,
536 412 841 482 ἐργάζεσθαι
868 415 1040 484 ἑωυτῷ
1065 412 1288 466 κελεύειν
1321 416 1511 469 πάντας
1537 414 1692 484 Αἰγυ-

118 489 319 544 πτίους.
360 493 499 542 τοῖσι
529 490 623 557 μὲν
662 490 725 558 δὴ
760 491 1118 560 ἀποδεδέχθαι,
1149 491 1202 542 ἐκ
1228 497 1329 544 τῶν
1361 491 1694 559 λιθοτομιέων
1713 510 1738 549 3

117 573 219 620 τῶν
261 568 317 620 ἐν
357 573 428 640 τῷ
466 567 693 640 Ἀραβίῳ
741 571 897 638 οὔρεϊ,
947 569 1003 621 ἐκ
1049 569 1267 622 τουτέων
1307 569 1478 622 ἕλκειν
1514 569 1695 624 λίθους

118 645 271 716 μέχρι
322 649 415 698 τοῦ
460 645 673 698 Νείλου·
732 646 1185 716 διαπεραιωθέντας
1237 647 1292 700 δὲ
1334 649 1424 700 τὸν
1467 649 1696 716 ποταμὸν

118 724 355 778 πλοίοισι
400 724 524 778 τοὺς·
562 723 743 779 λίθους
795 725 1019 795 ἑτέροισι
1063 725 1212 791 ἔταξε
1253 723 1563 786 ἐκδέκεσθαι,
1613 727 1694 778 καὶ

118 803 247 872 πρὸς
285 804 345 854 τὸ
376 803 600 865 Λιβυκὸν
639 801 944 870 καλεύμενον
982 802 1119 874 ὅρος,
1149 805 1278 873 πρὸς
1311 807 1462 856 τοῦτο
1503 803 1690 856 ἕλκειν.

118 881 389 951 ἐργάζοντο
432 879 489 932 δὲ
535 881 661 933 κατὰ
706 879 823 933 δέκα
861 883 1108 952 μυριάδας
1144 881 1420 952 ἀνθρώπων
1461 881 1557 934 αἶεὶ
1602 881 1692 949 τὴν
1711 894 1737 938 4

118 959 359 1028 τρίμηνον
394 959 629 1024 ἑκάστην.
673 961 861 1029 χρόνον
892 959 947 1012 δὲ
974 959 1272 1030 ἐγγενέσθαι
1312 961 1594 1032 τριβομένῳ
1621 961 1692 1033 τῷ
1712 976 1737 1015 5

115 1038 243 1108 λαῷ,
274 1037 393 1089 δέκα
430 1037 523 1104 μὲν
548 1037 662 1089 ἔτεα
692 1039 781 1104 τῆς
814 1037 937 1089 ὁδοῦ
968 1037 1094 1089 κατὰ
1119 1037 1211 1104 τὴν
1249 1033 1424 1090 εἷλκον
1449 1037 1568 1092 τοὺς
1604 1037 1688 1090 λί-

118 1114 255 1175 θους,
297 1114 393 1182 τὴν.
427 1115 645 1182 ἔδειμαν·
688 1115 841 1185 ἔργον
880 1115 964 1167 ἐὸν
1003 1115 1062 1166 οὗ
1101 1118 1285 1188 πολλῷ
1321 1115 1417 1187 τέῳ
1453 1117 1692 1168 ἔλασσον

116 1195 207 1259 τῆς
230 1193 529 1262 πυραμίδος,
579 1193 648 1248 ὡς
694 1193 805 1261 ἐμοὶ
846 1194 1054 1246 δοκέειν·
1101 1187 1218 1263 (τῆς
1261 1193 1361 1264 γὰρ
1402 1195 1559 1262 μῆκος
1599 1193 1692 1262 μέν
1711 1208 1736 1249 ο

118 1270 223 1323 εἶσι
256 1272 409 1324 πέντε
448 1271 665 1323 στάδιοι·
718 1269 862 1341 εὖρος
902 1271 975 1330 δὲ,
1016 1271 1135 1325 δέκα
1173 1272 1390 1342 ὀργυιαί·
1433 1269 1574 1341 ὕψος
1613 1272 1687 1332 δὲ,

116 1350 178 1416 τῇ
218 1349 522 1419 ὑψηλοτάτη
560 1349 675 1402 ε’στὶ
714 1349 837 1417 αὐτὴ
875 1351 1080 1418 ἑωυτῆς,
1111 1351 1241 1402 ὀκτὼ
1277 1349 1494 1420 ὀργυιαί·
1537 1349 1690 1400 λίθου

116 1447 172 1478 τε
210 1427 402 1492 ξεστοῦ
442 1427 523 1479 καὶ
558 1427 696 1491 ζώων
730 1422 1196 1498 ἐγγεγλυμμένων)
1247 1425 1403 1493 ταύτῃ
1436 1447 1492 1478 τε
1531 1426 1591 1492 δὴ
1626 1427 1690 1478 τὸ
1710 1440 1734 1482 '1

116 1504 237 1558 δέκα
257 1505 371 1556 ἔτεα
395 1504 651 1574 γενέσθαι,
672 1505 752 1558 καὶ
772 1511 871 1558 τῶν
892 1505 974 1557 ἐπὶ
995 1509 1088 1557 τοῦ
1112 1505 1305 1572 λόφου,
1324 1503 1401 1556 ἐπ’
1424 1503 1485 1556 οὗ
1503 1505 1691 1556 ἑστᾶσι

114 1584 168 1636 αἱ
209 1583 503 1653 πυραμίδες,
552 1589 653 1635 τῶν
696 1583 795 1636 ὑπὸ
846 1585 945 1653 γῆν
986 1582 1286 1650 οἰκημάτων,
1330 1581 1420 1635 τὰς
1465 1581 1690 1634 ἐποιέετο

114 1659 271 1728 θήκας
297 1662 467 1730 ἑωυτῷ
504 1661 560 1713 ἐν
594 1659 752 1732 νήσῳ,
792 1661 1017 1730 διώρυχα
1052 1663 1144 1712 τοῦ
1175 1659 1369 1712 Νείλου
1405 1659 1687 1730 ἐσαγαγών.

111 1740 176 1807 τῇ
230 1739 287 1792 δέ
337 1739 581 1809 πυραμίδι
632 1739 757 1806 αὐτῇ
807 1741 996 1808 χρόνον
1047 1737 1286 1810 γενέσθαι
1339 1737 1526 1789 ἐείκοσι
1580 1739 1692 1788 ἔτεα
1713 1751 1737 1792 8

113 1818 407 1884 ποιευμένῃ·
466 1819 555 1884 τῆς
601 1816 715 1868 ἐστι
759 1819 982 1884 παντακῆ
1029 1817 1264 1884 μέτωπον
1304 1813 1520 1868 ἕκαστον
1561 1815 1692 1868 ὂκτῶ

112 1893 333 1964 πλέθρα,
391 1892 575 1961 ἐούσης
626 1895 959 1965 τετραγώνου,
1017 1896 1096 1948 καὶ
1147 1892 1288 1966 ὕψος
1337 1891 1478 1947 ἴσον·
1537 1893 1692 1947 λίθου

116 1971 174 2024 δὲ
228 1971 419 2036 ξεστοῦ
470 1993 527 2024 τε
580 1973 661 2025 καὶ
696 1972 1038 2042 Ιἁρμοσμένου
1086 1973 1152 2026 τὰ
1203 1974 1456 2041 μάλιστα·
1528 1973 1694 2026 οὐδεὶς

114 2054 221 2101 τῶν
244 2047 407 2103 λίθων
439 2048 706 2120 τριήκοντα
738 2052 910 2104 ποδῶν
938 2052 1207 2105 ἐλάσσων.
1445 2049 1693 2118 Ἐποιὴθη·
1719 2049 1830 2102 125

115 2127 175 2180 δὲ
212 2126 311 2179 ὧδε
346 2125 469 2194 αὕτη
506 2127 536 2195 ἡ
570 2128 807 2199 πυραμίς·
852 2128 1158 2196 ἀναβαθμῶν
1192 2133 1400 2197 τρόπον,
1429 2130 1518 2184 τὰς
1543 2149 1691 2196 μετε-

114 2204 317 2274 ξέτεροι
355 2208 601 2276 κρόσσας,
631 2209 679 2259 οἱ
718 2207 777 2259 δὲ
814 2207 1044 2274 βωμίδας
1081 2207 1404 2273 ὀνομάζουσι.
1461 2203 1694 2270 τοιαύτην
1715 2217 1738 2256 2

114 2285 177 2335 τὸ
215 2288 419 2352 πρῶτον
444 2283 556 2337 ε’πεί
590 2305 646 2336 τε
682 2285 927 2351 ἐποίησαν
954 2283 1125 2350 αὐτὴν,
1155 2286 1323 2352 ἤειρον
1349 2281 1467 2338 τοὺς
1496 2282 1692 2336 ε’πιλοί-

114 2381 249 2415 πους
294 2361 471 2416 λίθους
516 2367 773 2430 μηχανῇσι
816 2361 987 2428 ξύλων
1026 2362 1265 2432 βραχέων
1304 2361 1690 2430 πεποιημένῃσι·

116 2437 352 2508 χαμάθεν
389 2439 481 2506 μὲν
521 2440 603 2492 ἐπὶ
642 2442 731 2493 τὸν
769 2446 971 2511 πρῶτον
1008 2442 1222 2508 στοῖχον
1257 2445 1358 2492 τῶν
1391 2438 1697 2506 ἀναβαθμῶν

120 2515 394 2586 ἀείροντες,
424 2514 553 2572 ὅκως
592 2517 648 2570 δὲ
686 2517 817 2570 ἀνίοι
856 2520 886 2569 ὁ
924 2517 1074 2572 λίθος
1114 2516 1190 2570 ἐπ’
1219 2518 1389 2576 αὐτὸν,
1419 2516 1490 2571 εἷς
1525 2516 1696 2587 ἑτέρην

122 2593 355 2664 μηχανὴν
398 2593 611 2656 ἐτίθετο,
654 2597 917 2649 ἑστεῶσαν
956 2595 1042 2650 έπὶ
1081 2598 1174 2648 τοῦ
1211 2596 1416 2666 πρώτου
1457 2595 1694 2663 στοίχου·
