1975 2892
295 70 409 124 354
887 82 1285 126 ΗΡοΔοΤοΥ
1935 117 1936 130 ,

1498 137 1577 188 [Α.
1598 141 1653 180 c.
1678 139 1895 198 515-507·

295 186 451 262 ἱρόν)
492 190 582 258 τὴν
618 191 675 244 δὲ
710 191 941 261 κεφαλὴν
975 191 1374 261 ἀνασταυροῦσι·
1424 194 1474 242 οἳ
1513 191 1590 251 δὲ,
1632 195 1770 244 κατὰ
1804 191 1899 272 '²:⁶5

294 270 384 338 τὴν
411 268 640 338 κεφαλὴν
660 270 1022 339 ὁμολογέουσι,
1044 272 1103 322 τὸ
1129 270 1300 336 μέντοι
1328 274 1477 336 σῶμα
1504 269 1598 320 οὐκ
1632 270 1855 320 ὧθέεσθι
1882 315 1891 328 ,

253 365 279 404 8
297 349 394 400 ἀπὸ
420 351 510 399 τοῦ
539 351 756 417 κρημνοῦ
790 348 1027 418 λέγουσι,
1056 348 1196 399 ἀλλὰ
1220 349 1288 417 γῇ
1323 345 1671 416 κρύπτεσθαι.
1718 348 1812 414 τὴν
1836 348 1880 398 δὲ
1935 415 1936 418 ¹

296 427 504 492 δαίμονα
524 423 725 491 ταύτην,
747 429 808 492 τῇ
831 423 1031 488 θύουσι,
1053 425 1270 493 λέγουσι
1290 425 1431 477 αὐτοὶ
1457 428 1659 494 Ταῦροι
1691 422 1878 494 Ἰφιγέ-

295 525 428 556 νειαν
468 503 560 571 τὴν
599 502 972 574 Ἀγαμέμνονος
1008 499 1154 556 εἶναι.
1236 501 1525 569 Πολεμίους
1570 503 1632 554 δὲ
1682 503 1879 572 ἄνδρας,

296 583 410 636 τοὺς
447 582 508 634 ἂν
541 583 906 652 χειρώσωνται,
934 585 1143 635 ποιεῦσι
1178 582 1315 633 τάδε·
1359 580 1639 648 ἀποταμὼν
1670 581 1883 634 ἕκαστος

279 660 543 727 κεφαλὴν,
591 659 903 729 ἀποφέρεται
948 660 1002 713 ἐς
1047 660 1111 711 τὰ
1153 658 1302 710 οίκία·
1362 659 1534 710 ἔπειτα
1581 658 1677 710 ἐπὶ
1728 657 1883 724 ξύλου

287 739 521 806 μεγάλου
557 737 824 807 ἀναπείρας
860 739 982 806 ίστᾷ
1022 737 1148 806 ὑπὲρ
1188 739 1278 804 τῆς
1318 735 1474 801 οἰκίης
1514 735 1883 804 ὑπερέχουσαν

258 816 510 873 4πολλὸν,
551 817 780 881 μάλιστα
819 816 875 868 δὲ
917 816 1043 885 ὑπὲρ
1084 817 1174 881 τῆς
1225 814 1553 879 καπνοδόκης.
1626 815 1783 882 φασὶ
1834 815 1882 866 δὲ

293 889 502 946 τούτους
556 894 820 961 φυλάκους
873 895 962 960 τῆς
1002 892 1160 959 οἰκίης
1198 893 1369 960 πάσης
1414 891 1876 962 ὑπεραιωρέεσθαι.

170 971 281 1023 104
294 970 420 1033 ζῶσι
457 970 512 1022 δὲ
549 970 649 1023 ἀπὸ
676 965 823 1037 ληίης
857 993 914 1023 τε
949 972 1031 1024 καὶ
1064 969 1314 1038 πολέμου.
1555 967 1882 1040 Ἀγάθυρσοι

293 1048 366 1106 δὲ,
397 1050 672 1115 ἁβρότατοι
699 1048 874 1118 ἄνδρες
902 1048 1025 1109 εἶσὶ,
1055 1049 1137 1100 καὶ
1162 1049 1491 1118 χρυσοφόροι
1517 1047 1583 1098 τὰ
1617 1049 1878 1114 μάλιστα.

292 1125 546 1177 ἐπίκοινον
591 1126 646 1178 δὲ
692 1131 792 1178 τῶν
835 1131 1083 1196 γυναικῶν
1134 1127 1225 1193 τὴν
1275 1125 1415 1194 μίξιν
1464 1128 1758 1187 ποιεῦνται,
1808 1125 1881 1178 ἵνα

293 1203 590 1272 κασίγνητοί
614 1224 669 1254 τε
696 1202 942 1270 ἀλλήλων
967 1206 1112 1262 ἔωσι,
1142 1205 1223 1256 καὶ
1258 1202 1437 1270 οἷκὴἳοι
1474 1203 1644 1257 ἐόντες
1672 1207 1879 1266 πάντες,

293 1279 417 1348 μήτε
452 1280 648 1353 φθόνῳ,
683 1279 795 1348 μήτ’
834 1281 977 1350 ἕχθεῖ
1014 1281 1261 1351 χρέωνται
1301 1282 1353 1336 ἐς
1390 1278 1677 1346 ἀλλήλους.
1730 1283 1797 1334 τὰ
1838 1281 1880 1334 δ’

171 1362 280 1415 105
294 1360 430 1412 ἄλλα
457 1361 635 1426 νόμαια
671 1357 850 1429 Θρήἳξι
875 1357 1358 1430 προσκεχωρήκασι.
1601 1361 1799 1430 Νευροὶ
1827 1361 1881 1412 δὲ

294 1439 495 1504 νόμοισι
520 1436 612 1503 μὲν
636 1437 883 1506 χρέωνται
911 1437 1219 1490 Σκυθικοῖσι.
1261 1441 1407 1508 γενεῇ
1430 1437 1484 1490 δὲ
1508 1441 1600 1505 μιῇ
1622 1441 1884 1508 πρότερόν

294 1516 464 1583 σφεας
491 1518 579 1581 τῆς
607 1515 821 1584 Δαρείου
844 1515 1225 1585 στρατηλασίης
1251 1517 1502 1578 κατέλαβε
1529 1516 1767 1568 ἐκλιπεῖν
1793 1517 1885 1583 τὴν

257 1595 464 1662 ῑχώρην
490 1595 662 1645 πᾶσαν
692 1593 786 1645 ὑπὸ
813 1593 999 1661 ὀφίων.
1044 1591 1200 1661 ὄφιας
1224 1594 1324 1660 γάρ
1346 1595 1449 1661 σφι
1469 1594 1710 1649 πολλοὺς
1738 1594 1883 1662 μὲνὴ

295 1673 434 1739 χώρη
456 1671 712 1739 ἀνέφαινε,
735 1672 783 1723 οἱ
811 1671 864 1723 δὲ
892 1673 1106 1725 πλεῦνες
1126 1670 1315 1722 ἄνωθέν
1334 1673 1438 1740 σφι
1464 1671 1521 1723 ἐκ
1549 1676 1651 1723 τῶν
1680 1670 1887 1742 ἐρήμων
1935 1709 1936 1728 ;

293 1749 565 1801 ἐπέπεσον·
611 1749 664 1803 ἐς
689 1746 735 1808 ὃ,
764 1750 1066 1816 πιεζόμενοι,
1096 1745 1308 1814 οἴκησαν
1330 1750 1459 1815 μετὰ
1487 1749 1769 1810 Βουδίνων,
1795 1752 1887 1817 τὴν

255 1827 493 1878 δὲωυτῶν
530 1827 838 1882 ἐκλιπόντες.
883 1825 1230 1878 κινδυνεύουσι
1257 1827 1311 1878 δὲ
1348 1828 1398 1878 οἱ
1434 1827 1696 1896 ἅνθρωποι
1736 1827 1885 1880 οὗτοι

295 1905 473 1968 γόητες
509 1899 649 1955 εἶναι·
694 1904 932 1974 λέγονται
964 1905 1064 1974 γὰρ
1102 1903 1199 1956 ὑπὸ
1237 1904 1465 1956 Σκυθέων
1500 1906 1583 1956 καὶ
1607 1903 1887 1971 Ἑλλήνων

295 1984 396 2032 τῶν
423 1981 475 2032 ἐν
495 1985 556 2047 τῇ
583 1981 795 2048 Σκυθικῇ
825 1981 1205 2048 κατοικημένων,
1230 1983 1297 2036 ὣς
1323 1983 1461 2037 ἔτεος
1488 1983 1713 2035 ἑκάστου
1740 1985 1885 2049 ἅπαξ

296 2063 396 2111 τῶν
432 2063 638 2128 Νευρῶν
673 2058 887 2114 ἕκαστος
925 2057 1082 2113 λύκος
1114 2059 1307 2129 γίνεται
1340 2059 1527 2130 ἡμέρας
1560 2061 1765 2130 ὀλίγας,
1799 2065 1886 2114 καὶ

255 2148 281 2188 4
297 2135 436 2192 αὖτις
475 2137 644 2190 ὀπίσω
686 2137 736 2190 ἐς
775 2138 933 2190 τάυτὰ
973 2137 1288 2190 κατίσταται·
1332 2139 1419 2204 ἐμὲ
1458 2139 1550 2206 μέν
1592 2159 1684 2191 νυν
1718 2143 1884 2191 ταῦτα

297 2214 532 2282 λέγοντες
571 2215 631 2266 οὐ
683 2215 940 2268 πείθουσι·
1011 2214 1229 2285 λέγουσι
1282 2216 1337 2268 δὲ
1365 2216 1513 2269 οὐδὲν
1558 2214 1749 2283 ἧσσον,
1796 2220 1883 2270 καὶ

165 2290 278 2340 106
295 2288 540 2354 ὀμνύουσι
562 2291 616 2342 δὲ
642 2291 898 2358 λέγοντες.
1139 2290 1487 2362 Ἀνδροφάγοι
1507 2294 1563 2346 δὲ
1586 2295 1883 2364 ἀγριώτατα

251 2375 278 2412 2
295 2367 492 2416 πάντων
527 2367 802 2436 ἀνθρώπων
837 2369 1021 2436 ἔχουσι
1056 2369 1199 2435 ἤθεα·
1242 2373 1361 2422 οὔτε
1396 2370 1539 2436 δίκην
1564 2371 1879 2438 νομίζοντες,

293 2440 407 2488 οὔτε
443 2443 577 2510 νόμῳ
614 2443 779 2496 οὐδενὶ
817 2447 1114 2512 χρεώμενοι.
1158 2447 1372 2513 νομάδες
1410 2447 1467 2499 δέ
1506 2447 1629 2500 εἶσι·
1677 2450 1883 2517 ἐσθῆτα
1935 2483 1936 2492 1

291 2507 345 2560 δὲ
384 2513 638 2570 φορέουσι
677 2521 740 2582 τῇ
791 2520 1006 2588 Σκυθικῇ
1060 2523 1256 2587 ὁμοίην·
1312 2527 1570 2591 γλῶσσαν
1617 2525 1675 2577 δὲ
1721 2527 1879 2594 ἰδίην·
