1975 2892
236 82 340 137 158
794 85 1204 132 ΗΡΟΔΟΤΟΥ

136 205 212 266 72
230 203 395 271 ξυστὰ
440 199 705 256 ποιέεσθαι
746 199 952 252 ἀκόντια
1000 196 1060 263 ἐξ
1099 196 1277 249 αὐτοῦ.
1490 194 1728 248 Γίνονται
1771 195 1828 248 δὲ

226 284 309 335 καὶ
336 277 559 347 ἐνύδριες
586 277 641 330 ἐν
666 279 739 350 τῷ
776 279 1007 349 ποταμῷ,
1037 275 1129 328 τὰς
1157 275 1268 344 ἱρὰς
1295 273 1506 344 ἥγηνται
1542 269 1690 327 εἶναι.
1739 296 1826 326 νο·

225 360 434 428 μίζουσι
462 357 516 410 δὲ
545 356 627 409 καὶ
661 357 863 409 πάντων
902 350 1096 422 ἶχθῦων
1121 355 1214 405 τὸν
1251 351 1562 420 καλεύμενον
1593 352 1823 405 λεπιδω·

227 438 316 490 τὸν
348 438 459 506 ἱρὸν
490 431 633 495 εἶναι,
664 434 745 486 καὶ
780 433 872 500 τὴν
908 434 1148 502 ἔγχελυν.
1194 430 1336 500 ἱροὺς
1376 431 1433 483 δὲ
1472 427 1689 484 τούτους
1731 433 1826 482 τοῦ

189 514 423 570 ’Νείλου
450 515 587 583 φασὶ
614 507 758 564 εἶναι·
804 512 887 563 καὶ
912 516 1015 562 τῶν
1039 509 1258 577 ὀρνίθων
1282 508 1403 563 τοὺς
1428 510 1823 576 χηναλώπεκας.

137 594 213 655 73
299 594 460 648 Ἐστι
500 591 557 646 δέ
598 593 678 644 καὶ
718 591 880 644 ἄλλος
924 592 1061 660 ὅρνις
1103 590 1226 658 ἱρὸς,
1265 591 1340 660 τῷ
1383 591 1574 655 οὔνομα
1617 586 1818 652 φοίνιξ·

228 671 329 740 ἐγὼ
368 669 460 737 μέν
485 689 570 736 μιν
596 667 687 719 οὐκ
723 661 875 724 εἶδον,
906 663 952 715 εἰ
992 664 1062 733 μὴ
1105 665 1238 718 ὅσον
1271 666 1474 734 γραφῇ·
1519 665 1603 718 καὶ
1627 664 1732 735 γὰρ
1761 665 1824 732 δὴ

222 751 309 800 καὶ
337 747 552 800 σπάνιος
578 743 823 810 ἐπιφοιτᾷ
850 742 974 810 σφι,
1000 743 1086 795 διὰ
1113 742 1267 796 ἐτέων
1297 742 1391 810 (ὣς
1415 741 1824 796 Ἡλιουπολῖται

184 844 212 884 2
227 817 471 896 λέγουσι)
498 819 863 875 πεντακοσίων.
922 820 1115 888 φοιτᾶν
1151 821 1208 874 δὲ
1243 823 1362 874 τότε
1397 821 1556 890 φασὶ,
1587 821 1746 874 ἐπεάν
1772 823 1824 874 οἱ

224 902 453 968 ἀποθάνῃ
496 902 526 952 ὁ
566 895 754 968 πατήρ.
810 898 927 950 ἔστι
974 899 1052 959 δὲ,
1095 897 1142 951 εἶ
1183 901 1247 966 τῇ
1290 899 1473 969 γραφῇ
1515 901 1820 968 παρόμοιος,

225 980 452 1035 τοσόσδε
497 977 581 1030 καὶ
627 977 850 1030 τοιόσδε·
910 977 976 1029 τὰ
1021 977 1116 1044 μὲν
1161 977 1318 1030 αὐτοῦ
1363 981 1675 1046 χρυσόκομα
1719 983 1826 1031 τῶν

225 1063 441 1129 πτερῶν,
468 1057 534 1109 τὰ
559 1055 634 1116 δὲ,
658 1053 865 1125 ἐρυθρά·
905 1053 958 1108 ἐς
984 1055 1050 1106 τὰ
1074 1056 1309 1122 μάλιστα
1334 1054 1484 1129 αἰετῷ
1508 1053 1826 1126 περιῆγησιν

189 1154 214 1195 8
228 1138 543 1205 ὁμοιότατος,
572 1135 655 1186 καὶ
680 1135 740 1186 τὸ
766 1131 1010 1203 μέγαθος.
1093 1137 1290 1186 Τοῦτον
1317 1134 1372 1186 δὲ
1398 1134 1623 1204 λέγουσι
1649 1157 1822 1204 μηχα-

228 1214 413 1269 νᾶσθαι
440 1213 576 1271 τάδε,
606 1211 719 1280 ἐμοὶ
752 1210 846 1280 μὲν
880 1209 941 1263 οὗ
976 1211 1143 1264 πιστὰ
1175 1203 1440 1282 λέγοντες·
1484 1211 1546 1278 ἐξ
1571 1210 1822 1284 Ἀραβίης

228 1295 563 1365 ὁρμεώμενον,
593 1289 644 1345 ἐς
669 1291 728 1342 τὸ
758 1291 867 1360 ἱρὸν
892 1292 985 1342 τοῦ
1011 1287 1204 1342 Ἡλίου
1235 1290 1460 1358 κομίζειν
1485 1291 1578 1342 τὸν
1601 1291 1817 1363 πατέρα,

234 1372 289 1426 ἐν
315 1369 512 1442 σμύρνῃ
540 1369 930 1437 ἐμπλάσσοντα,
960 1367 1044 1420 καὶ
1079 1367 1294 1421 θάπτειν
1329 1369 1384 1420 ἐν
1408 1372 1502 1421 τοῦ
1527 1367 1722 1422 Ἡλίου
1747 1375 1818 1443 τῷ

190 1467 215 1507 4
232 1453 342 1524 ἱρῷ.
387 1449 607 1518 κομίζειν
624 1447 681 1500 δὲ
707 1443 859 1500 οὕτω·
894 1450 1117 1516 πρῶτον,
1135 1447 1227 1513 τῆς
1255 1444 1486 1517 σμύρνης
1511 1446 1614 1500 ὦὸν
1639 1449 1816 1502 πλάσ.

232 1550 347 1583 σειν
380 1527 510 1581 ὅσον
544 1548 601 1579 τε
636 1525 847 1579 δυνατός
881 1524 998 1576 ἐστι
1033 1524 1233 1594 φέρειν·
1276 1525 1406 1592 μετὰ
1433 1525 1508 1585 δὲ,
1537 1527 1820 1596 πειρᾶσθαι

230 1607 355 1660 αὐτὸ
390 1605 665 1675 φορέοντα·
716 1603 869 1656 ἐπεὰν
902 1602 959 1655 δὲ
995 1601 1332 1671 ἀποπειρηθῇ,
1362 1599 1498 1656 οὕτω
1537 1603 1602 1670 δὴ
1640 1604 1818 1673 κοιλή-

232 1707 385 1739 ναντα
409 1685 469 1737 τὸ
496 1685 613 1742 ὦὸν,
642 1683 731 1735 τὸν
754 1679 949 1750 πατέρα
984 1680 1038 1734 ἐς
1072 1679 1196 1733 αὐτὸ
1231 1679 1498 1741 ἐντιθέναι,
1529 1681 1736 1752 σμύρνῃ
1763 1685 1820 1737 δὲ

232 1763 369 1828 ἄλλῃ
406 1760 731 1829 ἐμπλάσσειν
755 1762 907 1812 τοῦτο
942 1757 1049 1811 κατ’
1079 1756 1110 1810 ὅ
1148 1779 1198 1810 τι
1237 1761 1331 1810 τοῦ
1371 1758 1475 1811 ὦοΰ
1515 1758 1822 1829 ἐγκοιλὴνας

232 1839 435 1905 ἐνέθηκε
460 1840 550 1891 τὸν
574 1837 784 1908 πατέρα·
820 1834 1118 1905 ἐσκειμένου
1143 1835 1200 1889 δὲ
1226 1839 1319 1890 τοῦ
1345 1839 1557 1907 πατρὸς,
1581 1839 1818 1909 γίνεσθαι

232 1918 395 1971 τώυτὸ
422 1917 603 1983 βάρος·
638 1914 975 1984 ἐμπλάσαντα
1003 1915 1076 1972 δὲ.
1095 1914 1317 1982 κομίζειν
1341 1937 1430 1984 μιν
1453 1914 1536 1969 ἐπ’
1553 1915 1818 1986 Αἰγύπτου

230 1995 288 2052 ἐς
313 1997 405 2048 τοῦ
429 1992 617 2046 Ἠλίου
643 1995 702 2046 τὸ
740 1994 867 2063 ἱρόν.
922 1996 1080 2046 ταῦτα
1115 1993 1208 2061 μὲν
1233 1996 1416 2047 τοῦτον
1441 1995 1534 2048 τὸν
1559 1993 1705 2065 ὄρνιν
1728 1996 1814 2049 λέ-

231 2095 390 2142 γουσι
415 2073 622 2127 ποιέειν.

137 2156 173 2219 7
177 2161 216 2215 4
322 2154 444 2208 Ele-²
491 2152 546 2205 δὲ
590 2149 709 2222 περὶ
755 2148 934 2216 Θήβας
981 2147 1081 2216 ἱροὶ
1127 2145 1292 2217 ὄφιες,
1339 2148 1622 2220 ἀνθρώπων
1667 2151 1818 2204 οὖδα-

230 2233 337 2295 μῶς
383 2225 679 2292 δηλήμονες·
739 2223 790 2275 οἳ
830 2223 1046 2292 μεγάθεΐ
1083 2220 1252 2277 ἐόντες
1291 2226 1482 2293 μικροὶ,
1527 2225 1622 2278 δύο
1669 2227 1816 2298 κέρεα

190 2326 215 2368 2
231 2303 505 2370 φορέουσι,
541 2301 811 2369 πεφυκότα
844 2297 904 2365 ἐξ
938 2300 1095 2369 ἄκρης
1129 2302 1219 2367 τῆς
1254 2304 1507 2370 κεφαλῆς.
1563 2303 1687 2359 τοὺς
1723 2305 1814 2358 θά-

231 2397 421 2428 πτουσι
460 2377 804 2430 ἀποθανόντας
843 2376 899 2428 ἐν
936 2381 1010 2448 τῷ
1051 2377 1143 2450 ἱρῷ
1180 2381 1274 2430 τοῦ
1300 2381 1444 2434 Διός·
1493 2379 1682 2434 τούτου
1716 2385 1814 2454 γάρ

138 2446 213 2506 75
236 2451 405 2513 σφεας
431 2456 522 2502 τοῦ
550 2453 669 2505 θεοῦ
695 2453 833 2520 φασὶ
860 2448 984 2504 εἶναι
1014 2452 1170 2522 ἱρούς.
1369 2455 1533 2511 Ἐστι
1561 2459 1620 2512 δὲ
1645 2466 1814 2531 χῶρος

267 2523 290 2536 Α

231 2542 319 2586 της
345 2520 606 2592 Ἀραβίης,
636 2529 761 2581 κατὰ
788 2532 1014 2582 Βουτοῦν
1037 2534 1194 2586 πόλιν
1217 2535 1452 2601 μάλιστά
1478 2556 1540 2604 κη
1567 2537 1808 2607 κείμενος·
