1975 2892
565 150 664 195 eA
678 152 1061 199 AEIA.-—111.
1092 164 1296 217 99-104·
1616 148 1733 206 277

143 209 211 249 01.
234 210 294 251 64.
315 210 372 260 4.]

141 284 258 314 οισι
283 264 647 335 παραπλησίην
682 267 866 335 ἔχουσι
894 268 1104 322 δίαιταν.
1148 268 1289 321 οὗτοι
1326 268 1407 321 καὶ
1433 270 1724 337 μαχιμώτα-
1740 277 1767 320 2

139 341 232 392 τοί
255 341 359 394 εἶσι
384 341 572 407 Ἰνδῶν,
603 344 684 395 καὶ
711 345 761 395 οἱ
788 345 872 398 ἐπὶ
906 347 997 399 τὸν
1029 348 1231 416 χρυσὸν
1263 348 1597 414 στελλόμενοι
1625 347 1726 400 εἶσὶ

140 416 308 472 οὗτοι.
354 422 478 472 κατὰ
503 421 604 490 γὰρ
631 425 783 474 τοῦτό
821 423 936 475 ἐστι
963 423 1141 493 ἐρημίη
1170 423 1253 476 διὰ
1278 423 1370 491 τὴν
1395 424 1629 494 ψάμμον·
1675 426 1729 478 ἐν

140 495 208 562 δὴ
239 496 308 549 ὦν
331 499 394 565 τῇ
415 498 590 567 ἐρημίῃ
612 497 766 566 ταύτῃ
797 500 879 552 καὶ
905 502 968 568 τῇ
993 502 1192 573 ψάμμῳ
1213 501 1436 572 γίνονται
1455 500 1725 571 μύρμηκες,

137 575 369 644 μεγάθεα
416 577 619 644 ἔχοντες
664 582 824 630 κυνῶν
867 579 960 646 μὲν
1000 580 1286 638 ἐλάσσονα,
1330 579 1631 631 ἀλωπέκεων
1671 580 1727 633 δὲ

135 652 344 720 μέζονα.
389 654 494 706 εἶσὶ
518 655 618 724 γὰρ
647 655 810 707 αὐτῶν
829 656 910 708 καὶ
936 657 1075 727 παρὰ
1100 656 1317 721 βασιλέι·
1341 661 1440 708 τῶν
1460 657 1721 726 Περσέων,
1740 662 1766 705 ⁸

138 729 374 784 ἐνθεῦτεν
401 729 742 802 θηρευθέντες.
787 731 928 787 οὗτοι
957 734 1027 787 ὧν
1052 735 1102 788 οἶ
1136 732 1406 805 μύρμηκες,
1436 732 1723 801 ποιεύμενοι

137 804 343 875 οἴκησιν
371 809 467 862 ὑπὸ
502 811 618 879 γῆν,
647 810 997 881 ἀναφορέουσι
1031 812 1123 879 τὴν
1156 813 1389 883 ψάμμον,
1420 814 1641 883 κατάπερ
1674 813 1724 864 οἶ

137 885 198 938 ἐν
222 889 362 939 τοῖσι
380 885 610 954 Ἕλλησι
634 885 905 957 μύρμηκες,
935 892 1017 943 καὶ
1053 892 1142 943 τὸν
1180 891 1332 943 αὐτὸν
1362 892 1572 957 τρόπον·
1616 890 1720 942 εἶσὶ

136 964 198 1016 δε
225 964 307 1017 και
333 966 392 1018 τὸ
420 960 553 1020 εἶδος
579 969 886 1034 ὁμοιότατοι.
929 967 960 1035 ἦ
990 968 1045 1021 δε
1072 968 1338 1037 ψάμμος“
1313 991 1342 1036 η
1370 968 1720 1037 ἀναφερομένη

136 1042 257 1095 ἐστὶ
281 1046 537 1113 χρυσῖτις.
618 1042 737 1097 Ἐπὶ
764 1044 825 1111 δὴ
854 1044 1038 1113 ταύτην
1062 1045 1155 1113 τὴν
1172 1046 1391 1116 ψάμμον
1410 1048 1719 1099 στέλλονται
1739 1048 1766 1091 ⁴

135 1119 195 1175 ἐς
232 1120 324 1187 τὴν
364 1121 550 1191 ἐρῆμον
589 1123 639 1174 οἱ
675 1121 844 1183 Ἰνδοὶ,
876 1124 1175 1191 ζευξάμενος
1215 1122 1429 1179 ἕκαστος
1464 1122 1720 1192 καμήλους

134 1200 292 1267 τρεῖς,
342 1199 656 1270 σειρηφόρον
700 1201 794 1268 μὲν
839 1202 1145 1272 ἑκατέρωθεν
1190 1202 1373 1272 ἔρσενα
1419 1201 1714 1271 παρέλκειν.

135 1274 330 1343 θήλεαν
368 1277 442 1336 δὲ,
482 1278 534 1332 ἐς
570 1277 749 1345 μέσον·
795 1280 879 1332 ἐπὶ
924 1278 1109 1347 ταύτην
1148 1279 1209 1347 δὴ
1250 1280 1400 1334 αὐτὸς
1439 1280 1715 1340 ἀναβαίνει,

135 1352 473 1421 ἐπιτηδεύσας
499 1355 628 1410 ὅκαῖς
665 1356 765 1410 ἀπὸ
797 1356 983 1410 τέκνων
1020 1360 1087 1412 ὣς
1122 1359 1380 1411 νεωτάτων
1406 1356 1719 1410 ἀποσπάσας

135 1430 310 1499 ζεύξῃ.
354 1434 405 1485 αἱ
429 1434 530 1505 γάρ
557 1434 661 1503 σφι
689 1432 948 1503 κάμηλοι““’
927 1458 1094 1489 ιππων
1119 1435 1211 1487 οὐκ
1237 1434 1507 1502 ἥσσονες’
1480 1456 1531 1489 ες
1556 1431 1764 1502 ταχύ-6

132 1512 266 1575 τητά
291 1510 411 1563 εἶσι·
455 1512 614 1582 χωρὶς
641 1512 713 1571 δε,
743 1512 904 1581 ἄχθεα
931 1514 1268 1581 δυνατώτεραι
1294 1514 1497 1565 πολλὸν
1516 1510 1711 1581 φέρειν.

137 1590 212 1643 Τὸ
257 1588 351 1655 μὲν
396 1587 456 1655 δὴ
503 1583 636 1641 εἶδος
682 1589 850 1641 ὁκοῖόν
889 1609 939 1640 τι
985 1587 1095 1655 ἔχει
1136 1586 1165 1653 ἡ
1206 1586 1447 1653 κάμηλος,
1492 1584 1707 1637 ἐπιστα-
1743 1579 1858 1635 103

132 1665 340 1732 μένοισι
367 1664 506 1715 τοῖσι
524 1661 755 1729 Ἕλλησι
792 1664 852 1717 οὗ
889 1665 1201 1733 συγγράφω·
1244 1664 1303 1715 τὸ
1331 1662 1387 1715 δὲ
1413 1660 1480 1728 μὴ
1509 1660 1713 1713 ἐπιστέ-

135 1762 254 1794 αται
280 1740 450 1808 αὐτῆς,
479 1744 630 1793 τοῦτο
659 1743 870 1810 φράσω.
914 1743 1140 1808 κάμηλος
1176 1740 1230 1793 ἐν
1260 1742 1400 1792 τοῖσι
1426 1736 1717 1791 ὀπισθίοισι
1738 1746 1765 1787 2

137 1821 357 1872 σκέλεσι
396 1820 503 1888 ἔχει
543 1818 796 1889 τέσσερας
833 1819 1041 1890 μηροὺς,
1086 1819 1166 1872 καὶ
1206 1815 1428 1889 γούνατα
1466 1817 1711 1887 τέσσερα·

135 1898 202 1950 τὰ
229 1898 284 1950 δὲ
311 1896 476 1950 αῖδοῖα
503 1897 585 1950 διὰ
620 1917 720 1949 των
753 1897 1007 1950 ὀπισθίων
1033 1896 1261 1951 σκελέων
1293 1897 1421 1967 πρὸς
1447 1895 1538 1963 τὴν
1564 1894 1719 1965 οὐρὴν

135 1975 772 2045 τετραμμένα.οῑ
809 1976 864 2029 δὲ
902 1977 962 2043 δὴ
987 1975 1141 2028 Ἰνδοὶ
1176 1978 1347 2047 τρόπῳ
1384 1972 1597 2046 τοιούτω
1634 1972 1716 2025 καὶ
1744 1964 1860 2020 104

140 2052 303 2119 ζεύξει
343 2050 548 2120 τοιαύτῃ
589 2055 884 2124 χρεώμενοι,
929 2051 1213 2106 ἐλαύνουσι
1254 2053 1339 2107 ἐπὶ
1378 2054 1468 2105 τὸν
1496 2053 1713 2122 χρυσὸν,

135 2131 520 2202 λελογισμένως
547 2130 674 2186 ὅκως
695 2130 756 2183 ἂν
782 2132 1047 2197 καυμάτων
1066 2136 1166 2183 τῶν
1186 2131 1507 2199 θερμοτάτων
1533 2129 1719 2181 ἐόντων

135 2210 343 2262 ἔσονται
370 2208 424 2261 ἐν
449 2213 510 2276 τῇ
545 2212 765 2280 ἁρπαγῇ·
810 2208 909 2261 ὑπὸ
944 2209 1045 2279 γὰρ
1086 2211 1177 2260 τοῦ
1218 2205 1469 2274 καύματος
1504 2208 1553 2258 οἱ
1588 2203 1715 2275 μύρ-

135 2308 289 2356 μηκες
315 2287 532 2355 ἀφανέες
558 2287 782 2358 γίνονται
817 2286 916 2339 ὑπὸ
951 2288 1067 2356 γῆν.
1113 2285 1420 2355 θερμότατος
1456 2283 1514 2337 δέ
1547 2282 1662 2335 ε’στι
1689 2284 1718 2335 ὁ
1738 2288 1767 2330 2

135 2365 288 2433 ἥλιος
314 2363 546 2417 τούτοισι
581 2367 722 2417 τοῖσι
756 2363 1074 2433 ἀνθρώποισι
1100 2364 1159 2416 τὸ
1189 2362 1413 2415 ἑωθινόν·
1457 2360 1536 2421 οὗ,
1566 2360 1720 2413 κατά-

135 2464 236 2513 περ
275 2446 414 2496 τοῖσι
450 2442 682 2502 ἄλλοισι,
719 2441 1061 2511 μεσαμβρίης·
1113 2440 1231 2493 ἀλλ’
1269 2438 1589 2509 ὑπερτείλας,
1630 2437 1718 2506 μέ-

136 2542 254 2591 χρις
293 2519 355 2574 οὗ
395 2521 584 2591 ἀγορῆς
610 2518 894 2575 διαλύσιος.
937 2522 1120 2572 τοῦτον
1162 2518 1218 2572 δὲ
1259 2519 1348 2570 τὸν
1382 2519 1570 2585 χρόνον
1596 2516 1765 2569 καίει8

137 2600 322 2671 πολλῷ
362 2600 565 2668 μᾶλλον
605 2596 635 2666 ἢ
683 2602 744 2666 τῇ
789 2598 1085 2669 μεσαμβρίῃ
1134 2596 1227 2664 τὴν
1266 2594 1519 2657 Ἐλλάδα,
1564 2593 1722 2649 οὕτως
