1975 2892
588 138 969 189 Imma-1.
1005 148 1237 200 171-174.
1633 130 1708 184 95

98 206 159 245 01
192 204 261 246 ⁶8.
282 204 418 246 8-60.
439 206 501 253 3.]

102 263 221 332 γὰρ
251 264 343 314 νῦν
362 259 536 313 Λύκιοι
564 259 813 328 νέμονται,
836 257 961 328 αὕτη
986 263 1048 315 τὸ
1075 264 1296 317 παλαιὸν
1314 262 1376 332 ἦν
1394 268 1619 322 Μιλυάς·
1663 269 1711 321 οἱ

108 340 173 392 δὲ
204 337 409 393 Μιλύαι
434 341 552 393 τότε
587 341 810 407 Σόλυμοι
846 339 1137 395 ἐκαλέοντο.
1182 342 1306 397 τέως
1339 344 1433 411 μὲν
1459 344 1519 412 δὴ
1545 346 1752 410 αὐτῶνθ

108 418 404 488 Σαρπηδὼν
436 415 585 488 ἦρχε·
628 418 677 469 οἱ
714 418 770 471 δὲ
807 418 1098 478 ἐκαλέοντο,
1127 421 1188 472 τό
1223 441 1320 491 περ
1356 442 1412 474 τε
1454 420 1710 490 ἠνείκαντο

110 498 333 564 οὕνομα,
378 496 462 548 καὶ
502 499 589 548 νῦν
628 496 703 548 ἔτι
744 495 1013 549 καλέονται
1059 496 1158 550 ὑπὸ
1204 503 1306 551 τῶν
1346 501 1616 570 περιοίκων
1663 504 1713 555 οἳ

110 572 321 635 Λύκιοι,
364 573 631 645 Τερμίλαι.
692 574 759 628 ὦς
806 574 861 627 δὲ
910 574 967 641 ἐξ
1007 573 1259 634 Ἀθηνέων
1293 574 1457 632 Λύκος
1499 580 1528 630 ὁ
1571 587 1708 632 Παν-
1730 598 1756 638 4

110 653 311 713 δίονος,
341 652 640 719 ἐξελασθεὶς
666 653 748 705 καὶ
783 650 933 707 οὗτος
957 653 1058 706 ὑπὸ
1085 658 1178 707 τοῦ
1210 654 1473 724 ἀδελφεοῦ
1500 656 1711 727 Αἰγέως,

110 730 335 784 ἀπίκετο
380 732 433 786 ἐς
474 730 595 785 τοὺς
638 730 894 801 Τερμίλας
937 732 1077 803 παρὰ
1116 734 1431 802 Σαρπηδόνα,
1473 732 1607 787 οὕτω
1649 736 1712 804 δὴ

112 809 251 862 κατὰ
276 812 371 861 τοῦ
398 807 565 861 Λύκου
591 809 683 876 τὴν
709 809 994 876 ἐπωνυμίην
1021 807 1195 863 Λύκιοι
1223 810 1317 864 ἀνὰ
1341 813 1532 882 χρόνον
1559 812 1709 880 ἐκλή-

113 887 312 955 θησαν.
361 890 566 955 νόμοισι
598 888 673 948 δὲ,
700 886 767 939 τὰ
800 887 895 954 μὲν
921 891 1222 957 Κρητικοῖσι
1257 890 1322 941 τὰ
1357 890 1414 943 δὲ
1441 894 1710 961 Καρικοῖσι
1728 910 1753 949 5

110 966 391 1035 χρέωνται.
453 964 509 1018 ἓν
542 965 599 1018 δὲ
640 965 758 1018 τόδε
796 962 930 1018 ἴδιον
968 966 1280 1033 νενομίκασι,
1318 969 1399 1021 καὶ
1441 969 1713 1037 οὐδαμοῖσι

113 1045 343 1097 ἄλλοισι
368 1044 723 1114 συμφέρονται
748 1042 1046 1114 ἀνθρώπων·
1087 1044 1334 1098 καλέουσι
1359 1046 1460 1099 ἀπὸ
1487 1052 1590 1101 τῶν
1612 1070 1708 1115 μη-

114 1122 286 1193 τέρων
311 1122 547 1182 ἑωυτοὺς,
578 1122 660 1174 καὶ
686 1122 797 1175 οὐκὶ
818 1119 919 1174 ἀπὸ
947 1126 1050 1175 τῶν
1074 1123 1324 1193 πατέρων.
1369 1123 1627 1196 είρομένου
1655 1126 1710 1180 δὲ
1727 1144 1753 1184 ο

116 1200 304 1271 ἐτέρου
327 1201 419 1254 τὸν
441 1198 688 1267 πλησίον,
718 1201 797 1254 τίς
823 1198 917 1267 εἴη,
941 1200 1208 1268 καταλέξει
1227 1203 1415 1255 ἑωυτὸν
1438 1203 1708 1275 μητρόθεν,

117 1280 207 1332 καὶ
232 1280 325 1346 τῆς
357 1280 546 1350 μητρὸς
573 1277 891 1347 ἀνανεμέεται
926 1279 1018 1334 τὰς
1042 1279 1280 1350 μητέρας.
1328 1281 1409 1333 καὶ
1435 1279 1497 1349 ἢν
1531 1280 1624 1351 μέν
1649 1305 1707 1354 γε
1725 1300 1749 1343 '1

114 1356 252 1429 γυνὴ
295 1356 428 1425 ἀστὴ
474 1355 645 1429 δούλῳ
692 1354 995 1425 συνοικήσῃ,
1039 1360 1243 1428 γενναῖα
1281 1358 1347 1411 τὰ
1387 1359 1536 1413 τέκνα
1571 1363 1708 1413 νενό-

116 1447 323 1504 μισται·
366 1432 429 1503 ἢν
454 1435 509 1488 δὲ
536 1435 661 1506 ἀνὴρ
688 1435 866 1497 ἀστὸς,
896 1436 978 1488 καὶ
1006 1438 1035 1488 ὅ
1061 1441 1265 1506 πρῶτος
1289 1436 1472 1497 αὐτῶν,
1500 1440 1712 1509 γυναῖκα

120 1513 297 1581 ξείνην
319 1511 351 1581 ἢ
376 1513 645 1581 παλλακὴν
671 1514 784 1583 ἔχῃ,
813 1512 966 1581 ἄτιμα
990 1513 1056 1565 τὰ
1081 1512 1229 1566 τέκνα
1253 1514 1465 1579 γίνεται.

208 1588 275 1641 Οἱ
318 1586 413 1655 μέν
454 1608 543 1640 νυν
587 1588 753 1657 Κᾶρες
794 1586 942 1639 οὐδὲν
978 1586 1220 1658 λαμπρὸν
1259 1586 1412 1657 ἔργον
1453 1586 1703 1653 ἀποδεξά-
1732 1588 1846 1650 174

124 1684 289 1735 μενοι,
326 1664 686 1733 ἐδουλώθησαν
720 1664 820 1718 ὑπὸ
852 1662 1134 1734 Ἀρπάγου·
1184 1667 1299 1718 οὔτε
1336 1664 1477 1718 αὐτοὶ
1513 1667 1562 1718 οἱ
1599 1668 1702 1719 Κᾶ-

124 1765 217 1813 ρες
261 1742 625 1811 ἀποδεξάμενοι
672 1742 837 1807 οὐδὲν,
884 1743 1003 1795 οὔτε
1049 1740 1168 1795 ὅσοι
1211 1741 1478 1810 Ἐλλήνων
1521 1741 1706 1812 ταύτην

125 1822 221 1890 τὴν
254 1824 425 1892 χώρην
451 1820 697 1873 οἰκέουσι.
747 1818 974 1872 οἰκέουσι
1013 1818 1068 1871 δὲ
1105 1818 1186 1870 καὶ
1224 1817 1398 1878 ἄλλοι,
1429 1818 1511 1871 καὶ
1551 1828 1708 1872 Λακε-
1728 1832 1752 1872 2

128 1900 401 1969 δαιμονίων
449 1898 651 1953 ἄποικοι
706 1898 919 1958 Κνίδιοι,
963 1898 1056 1963 τῆς
1104 1897 1279 1967 χώρης
1322 1895 1413 1965 τῆς
1455 1898 1713 1969 σφετέρης

127 1976 467 2048 τετραμμένης
502 1976 555 2032 ἐς
588 1978 793 2035 πόντον,
831 1977 890 2028 τὸ
934 1974 997 2043 δὴ
1031 1976 1272 2044 Τριόπιον
1307 1974 1558 2030 καλέεται.
1619 1976 1709 2047 ἀρ·
1727 1990 1752 2031 8

128 2056 313 2128 γμένης
338 2056 394 2109 δὲ
423 2056 477 2108 ἐκ
503 2057 595 2122 τῆς
619 2051 950 2125 χερσονήσου
976 2054 1066 2120 τῆς
1093 2054 1414 2119 Βυβασσίης,
1445 2052 1631 2121 ἐούσης
1656 2075 1712 2106 τε

129 2136 301 2201 πάσης
339 2136 431 2201 τῆς
471 2132 694 2199 Κνιδίης,
724 2131 863 2200 πλὴν
900 2131 1099 2199 ὀλίγης,
1139 2134 1433 2201 περιρρόου·
1491 2128 1581 2201 (τὰ
1620 2131 1715 2197 μὲν

128 2214 232 2283 γὰρ
276 2212 429 2279 αὐτῆς
471 2212 603 2282 πρὸς
646 2212 811 2281 βορῆν
854 2208 1055 2276 ἄνεμον,
1098 2210 1127 2260 ὁ
1174 2210 1481 2277 Κεραμεικὸς
1523 2210 1715 2262 κόλπος

131 2288 359 2360 ἀπέργει·
401 2290 465 2342 τὰ
493 2289 548 2342 δὲ
574 2290 704 2356 πρὸς
734 2290 899 2346 νότον,
929 2284 958 2353 ἦ
988 2286 1114 2337 κατὰ
1151 2282 1316 2352 Σύμην
1342 2306 1398 2337 τε
1425 2284 1507 2337 καὶ
1539 2283 1716 2338 Ῥόδον

133 2360 425 2435 θάλασσα’)
479 2368 538 2419 τὸ
586 2364 656 2419 ὧν
696 2366 757 2433 δὴ
797 2365 977 2435 ὀλίγον
1017 2366 1187 2422 τοῦτο,
1231 2362 1316 2415 ἐὸν
1360 2360 1488 2415 ὅσον
1526 2382 1583 2415 τε
1629 2362 1716 2417 ἐπὶ

131 2446 281 2501 πέντε
305 2446 509 2505 στάδια,
538 2442 784 2514 ὤρυσσον
808 2444 858 2495 οἱ
886 2442 1100 2500 Κνίδιοι,
1132 2441 1186 2493 ἐν
1212 2438 1322 2511 ὅσῳ
1340 2438 1607 2510 Ἀρπαγος
1625 2440 1717 2507 τὴν

131 2523 323 2589 Ἰωνίην
374 2521 774 2592 κατεστρέφετο,
826 2522 1138 2587 βουλόμενοι
1191 2519 1350 2586 νῆσον
1401 2517 1494 2585 τὴν
1543 2520 1718 2588 χώρην

136 2603 361 2670 ποιῆσαι.
403 2600 545 2655 ἐντὸς
572 2599 629 2653 δὲ
662 2597 812 2654 πᾶσά
847 2598 953 2668 σφι
989 2597 1211 2666 ἐγένετο·
1253 2597 1314 2663 τῇ
1351 2596 1451 2665 γὰρ
1478 2594 1508 2662 ἦ
1539 2594 1714 2660 Κνιδίη
1731 2615 1759 2655 1
