1975 2892
284 56 363 113 48
766 96 771 101 .
876 66 1286 111 ΗΡοΔοΤοΥ

1283 124 1288 129 ·
1649 120 1766 167 [κο.
1789 129 1899 168 5⁴6.
1953 92 1955 161 ἶ

285 180 468 234 εἰδέναι
496 175 545 232 εἴ
572 201 649 233 τις
674 200 761 246 μιν
788 180 1038 246 δαιμόνων
1063 176 1278 249 ῥύσεται
1311 181 1404 230 τοῦ
1429 176 1498 247 μὴ
1527 178 1692 243 ζῶντα
1718 199 1896 231 κατα-

244 258 543 325 δκαυθῆναι.
629 259 719 309 τὸν
752 258 845 324 μὲν
877 258 937 323 δὴ
973 257 1164 309 ποιέειν
1195 259 1370 309 ταῦτα·
1436 258 1508 328 τῷ
1544 258 1600 309 δὲ
1636 256 1897 328 Κροίσῳ,
1954 280 1955 287 ¹

286 339 499 390 ἑστεῶτι
526 336 605 389 ἐπὶ
636 337 725 403 τῆς
751 337 931 402 πυρῆς,
961 334 1216 394 ἐσελθεῖν,
1247 335 1332 386 καί
1361 356 1461 405 περ
1487 335 1541 387 ἐν
1575 336 1714 405 κακῷ
1739 336 1898 387 ἐόντι
1954 314 1955 407 Ῑ

285 412 539 485 τοσούτῳ,
568 415 628 467 τὸ
656 416 747 465 τοῦ
774 415 1026 473 Σόλωνος,
1057 414 1126 467 ὥς
1153 412 1202 464 οἱ
1230 410 1304 478 εἴη
1335 413 1434 465 σὺν
1463 412 1560 485 θεῷ
1587 411 1896 481 εἰρημένον,
1953 408 1955 445 ³

232 547 235 553 ,
283 494 345 545 τὸ
376 496 411 518 “
432 492 637 560 Μηδένα
664 487 788 544 εἶναι
814 496 916 543 τῶν
937 493 1168 556 ζωόντων
1193 486 1439 555 ὅλβιον.”
1485 492 1550 544 ὣς
1578 490 1634 542 δὲ
1661 490 1764 559 ἄρα
1793 512 1898 558 μιν

285 572 571 641 προστῆναι
597 573 768 629 τοῦτο,
792 570 1168 636 ἀνενεικάμενόν
1193 590 1250 621 τε
1277 570 1358 621 καὶ
1385 568 1806 633 ἀναστενάξαντα
1827 570 1894 621 ἐκ

242 660 269 701 4
286 651 488 716 πολλῆς
504 648 740 716 ἡσυχίης,
761 646 816 701 ἐς
830 648 939 717 τρὶς
959 648 1211 715 ὀνομάσαι
1233 649 1460 699 Σόλωνα.
1491 646 1574 697 καὶ
1594 647 1684 697 τὸν
1706 650 1894 715 Κῦρον

286 724 592 787 ἀκούσαντα,
613 728 853 777 κελεῦσαι
879 725 1000 780 τοὺς
1016 725 1256 795 ἑρμηνέας
1283 724 1581 795 ἐπείρεσθαι
1607 726 1697 775 τὸν
1716 729 1888 794 Κροῖ-
1953 784 1955 797 4

287 824 403 865 σον,
437 804 549 857 τίνα
588 806 771 856 τοῦτον
813 804 1152 857 ἐπικαλέοιτο·
1199 804 1282 855 καὶ
1321 803 1440 858 τοὺς
1481 802 1890 871 προσελθόντας
1953 820 1955 851 ῑ

235 886 268 934 '5
288 882 579 952 ἐπειρωτᾶν.
639 885 866 951 Κροῖσον
899 882 953 934 δὲ
984 880 1110 935 τέως
1149 882 1242 949 μὲν
1278 881 1432 950 σιγὴν
1469 882 1606 949 ἔχειν
1642 881 1884 949 ἐρωτεώ-

286 972 455 1029 μενον·
500 959 629 1027 μετὰ
664 960 738 1021 δέ,
778 960 846 1014 ὧς
880 956 1205 1029 ἠναγκάζετο,
1245 958 1420 1013 εἰπεῖν·
1467 964 1503 984 “
1521 960 1620 1011 Τὸν
1667 958 1732 1010 ἂν
1773 960 1888 1029 ἐγὼ

286 1041 419 1091 πᾶσι
444 1039 737 1108 τυράννοισι
768 1038 1091 1108 προετίμησα
1129 1039 1368 1107 μεγάλων
1401 1038 1676 1105 χρημάτων
1703 1036 1758 1090 ἐς
1777 1040 1883 1090 λό-

284 1137 410 1186 γους
448 1112 677 1168 ἐλθεῖν.”
718 1114 808 1171 Ὦς
848 1116 907 1168 δέ
946 1118 1051 1185 σφι
1087 1115 1260 1183 ἄσημα
1295 1116 1504 1185 ἔφραζε,
1531 1116 1691 1167 πάλιν
1731 1115 1880 1167 ἐπει-

242 1206 268 1246 6
284 1195 476 1264 ρὼτεον
500 1194 565 1245 τὰ
593 1194 864 1263 λεγόμενα.
907 1196 1255 1264 λιπαρεόντων
1282 1194 1337 1245 δὲ
1377 1194 1558 1252 αὐτῶν,
1591 1193 1673 1244 καὶ
1703 1191 1885 1261 ὄχλον

284 1274 631 1341 παρεχόντων,
670 1272 829 1342 ἔλεγε
864 1271 943 1339 δὴ,
976 1272 1044 1326 ὧς
1088 1269 1218 1337 ἦλθε
1257 1271 1420 1341 ἀρχὴν
1461 1274 1491 1323 ὁ
1535 1272 1728 1329 Σόλων,
1779 1272 1886 1323 ἐὼν
1950 1324 1952 1327 ,

283 1348 565 1417 Ἀθηναῖος,
616 1350 698 1403 καὶ
744 1349 1058 1417 θεησάμενος
1107 1351 1273 1403 πάντα
1325 1352 1416 1402 τὸν
1461 1350 1652 1401 ἑωυτοῦ
1704 1347 1884 1413 ὄλβον

284 1428 717 1498 ἀποφλαυρίσειε·
762 1423 845 1480 οἶα
881 1428 941 1496 δὴ
979 1424 1141 1487 εἴπας,
1185 1428 1323 1479 ὥστε
1357 1428 1494 1499 αὐτῷ
1533 1427 1699 1480 πάντα
1735 1427 1880 1481 ἀπο-

285 1505 503 1575 βεβήκοι
530 1510 687 1576 τῇπερ
724 1506 910 1561 ἐκεῖνος
946 1500 1074 1566 εἷπε,
1105 1504 1252 1557 οὐδέν
1287 1526 1336 1556 τι
1371 1507 1574 1572 μᾶλλον
1599 1505 1652 1558 ἐς
1679 1506 1880 1559 ἑωυτὸν

284 1584 470 1655 λέγων,
514 1582 545 1652 ἦ
600 1584 651 1640 ἐς
696 1585 829 1638 ἅπαν
874 1585 934 1637 τὸ
968 1582 1304 1653 ἀνθρώπινον,
1349 1584 1432 1634 καὶ
1475 1584 1708 1651 μάλιστα
1750 1585 1880 1639 τοὺς

284 1664 423 1732 παρὰ
464 1662 628 1731 σφίσι
668 1663 871 1715 αὐτοῖσι
912 1661 1180 1715 δοκέοντας
1215 1661 1430 1725 ὀλβίους
1461 1656 1608 1713 εἶναι.
1650 1662 1751 1712 Τὸν
1778 1663 1876 1728 μὲν

286 1743 515 1809 Κροῖσον
541 1744 699 1793 ταῦτα
726 1738 1060 1811 ἀπηγέεσθαι·
1103 1740 1194 1806 τῆς
1221 1739 1278 1791 δὲ
1303 1740 1467 1808 πυρῆς
1493 1739 1586 1805 ἤδη
1623 1738 1872 1805 ἁμμένης,

242 1828 267 1869 '1
288 1817 521 1869 καίεσθαι
548 1818 611 1869 τὰ
637 1818 972 1886 περιέσχατα.
1017 1818 1100 1870 καὶ
1135 1818 1225 1870 τὸν
1253 1820 1422 1887 Κῦρον
1449 1814 1742 1869 ἀκούσαντα
1769 1824 1875 1869 τῶν

286 1894 537 1962 ἑρμηνέων
582 1894 645 1946 τὰ
691 1889 803 1947 εἷπε
848 1898 1090 1966 Κροῖσος,
1127 1896 1440 1963 μεταγνόντα
1486 1916 1560 1955 τε,
1595 1895 1678 1946 καὶ
1712 1894 1868 1947 ἐννώ-

286 1992 450 2023 σαντα
495 1970 575 2023 ὅτι
616 1973 699 2024 καὶ
739 1972 889 2027 αὐτὸς
928 1973 1193 2044 ἅνθρωπος
1229 1973 1340 2032 ἐὼν,
1379 1972 1544 2025 ἄλλον
1579 1971 1868 2041 ἄνθρωπον,

284 2051 556 2117 γενόμενον
594 2051 785 2102 ἑωυτοῦ
813 2051 1100 2118 εὐδαιμονίῃ
1141 2051 1232 2103 οὔκ
1260 2052 1494 2109 ἐλάσσω,
1527 2052 1720 2114 ζώοντα
1745 2054 1872 2121 πυρὶ

286 2127 467 2194 διδοίη·
508 2130 637 2198 πρός
676 2149 732 2179 τε
759 2126 1010 2188 τούτοισι,
1041 2128 1282 2181 δείσαντα
1316 2128 1410 2195 τὴν
1443 2128 1600 2189 τίσιν,
1633 2130 1714 2182 καὶ
1755 2129 1868 2183 ἐπι-

279 2206 566 2273 λεξάμενον
602 2207 669 2261 ὡς
708 2205 854 2259 οὐδὲν
889 2204 964 2273 εἴη
1005 2211 1106 2259 τῶν
1141 2206 1194 2259 ἐν
1229 2205 1546 2275 ἀνθρώποισι
1583 2206 1870 2275 ἀσφαλέως

282 2283 422 2349 ἔχον,
478 2281 671 2336 κελεύει
726 2282 1001 2346 σβεννύναι
1055 2284 1146 2350 τὴν
1198 2284 1450 2352 ταχίστην
1495 2286 1554 2337 τὸ
1602 2286 1868 2353 καιόμενον

282 2362 405 2427 πῦρ,
434 2362 515 2412 καὶ
551 2362 909 2425 καταβιβάζειν
939 2362 1167 2431 Κροῖσόν
1193 2384 1248 2415 τε
1289 2362 1370 2414 καὶ
1397 2361 1517 2416 τοὺς
1551 2363 1680 2430 μετὰ
1709 2365 1863 2433 Κροί-

284 2447 403 2486 σου·
449 2438 530 2489 καὶ
556 2438 690 2499 τοὺς,
717 2437 1076 2509 πειρωμένους,
1107 2439 1167 2491 οὗ
1205 2438 1453 2492 δύνασθαι
1478 2441 1555 2492 ἔτι
1581 2444 1674 2493 τοῦ
1705 2440 1866 2511 πυρὸς

181 2502 263 2564 87
286 2511 637 2579 ἐπικρατῆσαι.
844 2515 1094 2569 Ἐνθαΰτα
1118 2516 1325 2588 λέγεται
1353 2516 1453 2570 ὑπὸ
1481 2518 1677 2579 Λυδῶν,
1709 2522 1860 2589 Κροῖ-
