1975 2892
571 95 1049 141 ΘΑΛΕΙΑ.--Ιῐι.
1084 106 1251 152 2¹·24·
1589 86 1701 140 233

121 160 185 199 Ol.
205 160 264 199 63.
287 159 425 200 4-64.
443 159 504 207 3.]

122 215 260 283 πέρι,
281 216 395 267 ἔτεα
420 215 512 283 μὲν
533 212 584 269 ἐς
610 213 800 268 ἐείκοσι
827 216 908 268 καὶ
936 217 1114 269 ἑκατὸν
1138 216 1257 271 τοὺς
1283 216 1514 272 πολλοὺς
1540 216 1705 271 αὐτῶν

121 292 467 354 ἀπικνέεσθαι,
498 292 870 363 ὑπερβαλλέειν
895 292 953 346 δέ
987 314 1125 349 τινας
1162 295 1243 347 καὶ
1271 298 1445 348 ταῦτα·
1491 295 1702 361 σίτησιν

120 369 180 422 δὲ
225 365 348 423 εἶναι
391 369 511 441 κρέα
554 391 612 422 τε
657 370 812 440 ἑφθά·
874 372 955 424 καὶ
1000 374 1157 439 πόμα,
1198 373 1355 442 γάλα.
1420 371 1595 440 θώυμα
1643 373 1739 428 δὲπ

117 447 429 514 ποιευμένων
453 452 554 501 τῶν
580 450 914 502 κατασκόπων
939 449 1057 519 περὶ
1084 454 1185 502 τῶν
1213 447 1382 511 ἐτέων,
1407 449 1489 503 ἐπὶ
1519 447 1699 519 κρήνην

120 526 226 595 σφι
252 524 565 596 ἡγήσασθαι,
584 525 670 579 ἀπ’
687 524 747 593 ἧς
771 529 1060 594 λουόμενοι,
1080 529 1423 597 λιπαρώτεροι
1451 527 1695 598 ἐγίνοντο,

119 605 342 673 κατάπερ
381 602 428 656 εἷ
467 604 644 656 ἐλαίου
685 601 780 671 εἵη·
831 603 964 669 ὄζειν
1005 605 1061 657 δὲ
1100 604 1187 659 ἀπ’
1229 604 1382 672 αὐτῆς
1424 605 1550 658 ὧσεὶ
1588 602 1692 657 ἴων.
1708 623 1735 664 a

58 676 64 679 ’
117 680 332 735 α’σθενὲς
359 682 415 735 δὲ
439 682 499 733 τὸ
526 678 664 751 ὕδωρ
689 685 779 749 τῆς
815 680 997 752 κρήνης
1030 681 1213 750 ταύτης
1248 680 1380 735 οὕτω
1408 682 1469 749 δή
1498 704 1546 735 τι
1573 682 1693 737 ἕλε-

115 780 212 829 γον
238 753 360 812 εἶναι
389 760 438 812 οἱ
475 760 805 817 κατάσκοποι,
837 761 973 813 ὥστε
1012 762 1169 829 μηδὲν
1208 756 1317 814 οἷόν
1356 782 1411 813 τε
1450 756 1574 813 εἶναι
1615 760 1696 815 ἐπ’

115 836 272 889 αὐτοῦ
298 836 573 897 ἐπιπλέειν,
601 835 728 905 μήτε
754 835 930 903 ξύλον,
959 838 1087 906 μήτε
1122 844 1223 893 τῶν
1248 838 1351 892 ὅσα
1386 838 1548 905 ξύλου
1574 838 1692 891 ἐστὶ

114 915 459 986 ἐλαφρότερα*
502 914 642 967 ἀλλὰ
666 916 831 969 πάντα
867 916 1011 985 σφέα
1045 918 1257 986 χωρέειν
1283 918 1335 972 ἐς
1359 918 1589 981 βυσσόν.
1632 918 1732 975 rb!

113 993 173 1046 δὲ
198 990 335 1059 ὕδωρ
361 997 512 1046 τοῦτο
539 990 590 1045 εἴ
613 995 716 1062 σφι
743 994 856 1046 ἔστι
883 994 1112 1060 ἀληθέως
1147 991 1255 1047 οἷόν
1280 1016 1329 1047 τι
1355 996 1578 1066 λέγεται,
1608 996 1692 1048 διὰ

111 1074 267 1124 τοῦτο
307 1071 368 1125 ,ἂν
407 1066 523 1132 εἷεν,
561 1070 724 1144 τούτῳ
763 1073 827 1125 τὰ
865 1073 1031 1126 πάντα
1069 1074 1366 1143 χρεώμενοι,
1394 1076 1686 1142 μακρόβιοι.

109 1149 215 1202 ἀπὸ
247 1151 336 1217 τῆς
371 1147 551 1220 κρήνης
587 1150 641 1203 δὲ
677 1150 1176 1218 ἀπαλλασσομένων,
1205 1151 1413 1222 ἀγαγεῖν
1441 1150 1610 1219 σφέας
1637 1151 1689 1206 ἐς
1704 1170 1729 1211 fi

110 1224 462 1297 δεσμωτήριον
487 1227 699 1298 ἀνδρῶν,
728 1228 848 1281 ἔνθα
885 1229 1005 1284 τοὺς
1039 1230 1231 1285 πάντας
1266 1230 1320 1282 ἐν
1345 1229 1533 1296 πέδῃσι
1559 1250 1685 1299 χρυ-

109 1305 268 1373 σέῃσι
295 1304 552 1359 δεδέσθαι.
596 1307 710 1359 ἔστι
737 1306 792 1359 δὲ
820 1307 874 1360 ἐν
899 1305 1131 1360 τούτοισι
1159 1310 1297 1360 τοῖσι
1314 1306 1531 1375 Αἰθίοψι
1558 1308 1683 1359 πάν·
1705 1322 1730 1361 6

105 1406 214 1437 των
239 1386 268 1437 ὁ
293 1386 488 1453 χαλκὸς
515 1388 864 1437 σπανιώτατον
900 1386 981 1437 καὶ
1016 1387 1334 1452 τιμιώτατον.
1381 1383 1685 1450 θεησάμενοι

105 1463 166 1516 δὲ
209 1462 291 1515 καὶ
329 1463 389 1515 τὸ
428 1460 792 1532 δεσμωτήριον,
822 1460 1104 1529 ἐθηήσαντο
1143 1463 1224 1515 καὶ
1259 1461 1350 1529 τὴν
1384 1464 1475 1513 τοῦ
1500 1459 1687 1513 Ἠλίου

103 1540 391 1611 λεγομένην
413 1541 680 1611 τράπεζαν.
859 1563 864 1567 ·
887 1540 1033 1593 Μετὰ
1069 1540 1125 1593 δὲ
1160 1538 1363 1605 ταύτην,
1392 1537 1686 1593 τελευταίας
1708 1539 1787 1592 24

102 1616 392 1686 ἐθηήσαντο
431 1617 522 1673 τὰς
563 1616 716 1685 θήκας
754 1620 936 1679 αὐτῶν,
977 1614 1030 1671 αἲ
1068 1617 1304 1688 λέγονται
1347 1616 1685 1681 σκευάζεσθαι

103 1697 167 1763 ἐξ
205 1697 378 1757 ὑέλου,
405 1698 579 1769 τρόπῳ
614 1697 811 1769 τοιῷδε.
856 1696 1009 1749 ἐπεὰν
1043 1697 1133 1748 τὸν
1166 1697 1342 1765 νεκρὸν
1378 1692 1680 1763 ἰσχνήνωσι,
1704 1706 1730 1745 2

100 1773 211 1828 εἴτε
237 1774 298 1841 δὴ
327 1775 546 1844 κατάπερ
567 1772 853 1845 Αἰγύπτιοι,
872 1772 973 1827 εἴτε
1000 1774 1175 1829 ἄλλως
1202 1794 1316 1834 κως,
1339 1773 1683 1843 γυψώσαντες

97 1855 304 1908 ἅπαντα
329 1852 498 1913 αὐτὸν,
525 1854 705 1923 γραφῇ
740 1853 1041 1921 κοσμέουσι,
1072 1853 1417 1920 ἐξομοιεῦντες
1451 1852 1511 1903 τὸ
1548 1846 1683 1906 εἶδος

97 1933 156 1987 ἐς
184 1932 246 1984 τὸ
273 1932 499 1983 δυνατόν·
537 1931 709 1983 ἔπειτα
735 1930 794 1983 δέ
817 1932 866 1982 οἷ
890 1934 1189 2001 περιΐστᾶσι
1219 1927 1415 1997 στήλην
1443 1929 1501 1995 ἐξ
1528 1929 1682 1982 ὑέλου

93 2010 444 2076 πεποιημένην
469 2007 662 2074 κοίλην·
706 2008 737 2075 ἡ
765 2008 824 2061 δέ
849 2010 952 2077 σφι
977 2008 1152 2075 πολλὴ
1180 2008 1261 2060 καὶ
1288 2008 1493 2078 εὐεργὸς
1519 2006 1678 2076 ὀρύσ-

97 2107 275 2143 σεται.
320 2087 374 2138 ἐν
398 2085 532 2153 μέσῃ
561 2086 616 2139 δὲ
643 2089 704 2153 τῇ
734 2084 902 2154 στήλῃ
941 2085 1091 2138 ἐνεὼν
1118 2086 1436 2154 διαφαίνεται
1464 2088 1491 2137 ὁ
1520 2084 1677 2144 νέκυς,
1705 2093 1729 2133 8

92 2169 225 2221 οὔτε
269 2163 430 2231 ὀδμὴν
473 2163 710 2232 οὐδεμίαν
751 2164 934 2233 ἄχαριν
974 2164 1339 2232 παρεχόμενος,
1383 2164 1500 2213 οὔτε
1546 2162 1681 2226 ἄλλο

89 2242 268 2299 ἀεικὲς
293 2242 459 2295 οὐδέν·
503 2241 586 2294 καὶ
625 2243 734 2311 ἔχει
773 2243 938 2295 πάντα
973 2241 1173 2310 φανερὰ
1212 2239 1398 2307 ὁμοίως
1438 2240 1571 2311 αὐτῷ
1611 2240 1684 2309 τῷ

87 2324 255 2379 νέκυϊ.
301 2320 525 2373 ἐνιαυτὸν
549 2320 642 2388 μὲν
668 2320 728 2388 δὴ
757 2321 940 2389 ἔχουσι
966 2318 1058 2386 τὴν
1085 2315 1283 2385 στήλην
1308 2318 1363 2370 ἐν
1389 2319 1526 2369 τοῖσι
1553 2316 1677 2368 οἷκί-
1701 2322 1727 2362 4

86 2421 212 2456 οισι
247 2400 298 2451 οἱ
332 2399 564 2466 μάλιστα
597 2396 960 2466 προσήκοντες,
990 2397 1193 2450 πάντων
1227 2416 1283 2447 τε
1318 2395 1679 2463 ἀπαρχόμενοι.

83 2479 176 2534 καὶ
201 2476 388 2531 θυσίας
413 2477 463 2529 οἶ
487 2476 857 2546 προσάγοντες·
889 2475 1019 2543 μετὰ
1040 2474 1095 2527 δὲ
1119 2475 1277 2527 ταῦτα
1304 2471 1679 2541 ἐκκομίσαντες,

84 2559 284 2615 ἱστᾶσι
309 2555 430 2625 περὶ
454 2554 546 2621 τὴν
569 2556 743 2607 πόλιν.
