1975 2892
270 56 385 112 170
886 66 1293 112 ΗΡοΔοΤοΥ

1533 111 1727 163 [A.c.‹·„
1751 113 1886 156 1250?

267 180 415 246 Μῆνα
454 176 661 239 ἄνωθεν,
692 176 822 231 ὅσον
858 199 914 230 τε
950 179 1130 231 ἑκατὸν
1166 178 1408 233 σταδίους
1443 178 1544 231 ἀπὸ
1582 179 1862 248 Μέμφιος.

266 259 355 310 τὸν
398 259 528 326 πρὸς
578 257 903 326 μεσαμβρίης
948 257 1150 326 ἀγκῶνα
1194 259 1600 327 προσχώσαντα,
1653 258 1717 310 τὸ
1765 257 1865 324 μὲν

264 335 478 404 ἀρχαῖον
502 333 713 405 ῥέεθρον
738 335 1070 404 ἀποξηράναι,
1098 335 1188 387 τὸν
1214 335 1269 388 δὲ
1296 336 1526 402 ποταμὸν
1552 335 1862 403 ὀχετεῦσαι,

220 428 245 470 6
267 415 325 466 τὸ
350 412 516 480 μέσον
541 417 641 466 τῶν
662 412 852 484 οὐρέων
875 411 1028 482 ῥέειν.
1073 414 1150 466 ἔτι
1176 414 1231 466 δὲ
1259 414 1341 465 καὶ
1369 417 1458 467 νῦν
1483 413 1584 466 ὑπὸ
1602 413 1863 483 Περσέων

266 496 295 544 ὁ
323 491 492 562 ἀγκὼν
517 490 665 547 οὗτος
691 495 782 544 τοῦ
800 491 1012 552 Νείλου,
1033 489 1088 546 ὃς
1113 489 1426 562 ἀπεργμένος
1451 489 1574 562 ῥέει,
1595 490 1652 544 ἐν
1680 493 1860 560 φυλα-

221 583 247 625 0
269 573 389 638 κῇσι
423 572 684 641 μεγάλῃσι
714 571 903 638 ἔχεται,
929 572 1300 640 φρασσόμενος
1339 569 1435 622 ἀνὰ
1473 572 1577 624 πᾶν
1615 570 1756 624 ἔτος.
1815 569 1863 622 εἶ

266 649 367 719 γὰρ
394 648 631 716 ἐθελήσει
656 647 815 718 ῥήξας
844 648 1124 719 ὑπερβῆναι
1155 649 1185 699 ὁ
1219 649 1446 716 ποταμὸς
1473 646 1652 714 ταύτῃ,
1685 647 1860 700 κίνδυ-

224 735 246 778 7
269 749 354 782 νος
385 728 530 794 πάσῃ
560 726 745 794 Μέμφι
780 726 1192 794 κατακλυσθῆναί
1228 727 1360 778 ἐστι.
1416 727 1484 782 ὣς
1521 727 1578 780 δὲ
1615 731 1694 798 τῷ
1721 728 1860 794 Μῆνι

268 802 431 875 τούτῳ
458 809 532 876 τῷ
555 805 740 877 πρώτῳ
765 805 1020 878 γενομένῳ
1039 805 1256 869 βασιλέῖ
1279 805 1476 874 χέρσον
1499 804 1773 874 γεγονέναι
1799 805 1860 856 τὸ

267 882 601 952 ἀπεργμένον,
631 887 784 935 τοῦτο
822 884 933 951 μὲν,
969 885 1024 937 ἐν
1062 882 1198 956 αὐτῷ
1235 886 1390 936 πόλιν
1429 883 1606 935 κτίσαι
1646 881 1856 949 ταύτην,

218 973 245 1014 8
269 959 379 1028 ἥτις
415 964 504 1015 νῦν
530 959 744 1030 Μέμφις
780 962 1034 1014 καλέεται·
1083 963 1200 1014 εστι
1236 962 1340 1032 γὰρ
1379 962 1460 1014 καὶ
1499 960 1530 1028 ἡ
1559 960 1833 1030 Μέμφις’
1807 983 1860 1014 εν

268 1040 341 1110 τῷ
376 1044 562 1111 στεινῷ
596 1041 686 1108 τῆς
721 1038 1001 1112 Αἰγύπτου·
1047 1038 1237 1106 ἔξωθεν
1271 1041 1326 1093 δὲ
1364 1039 1518 1106 αυτῆς
1553 1037 1860 1110 περιορύξαι

268 1116 506 1187 λίμνην’
479 1139 533 1170 εκ
569 1120 661 1172 τοῦ
695 1122 927 1187 ποταμοῦ
963 1119 1094 1189 πρὸς
1128 1117 1319 1187 βορέην
1343 1139 1401 1170 τε
1427 1118 1510 1170 καὶ
1533 1119 1669 1187 πρὸς
1699 1117 1858 1172 ἑσπέ-

229 1210 255 1250 ⁹
269 1208 379 1265 ρην·
418 1197 479 1248 τὸ
504 1197 604 1266 γὰρ
624 1199 753 1266 πρὸς
778 1196 871 1262 τὴν
888 1194 961 1256 ἧῶ
987 1197 1141 1249 αὐτὸς
1165 1199 1196 1250 ὁ
1213 1198 1404 1252 Νεῖλος
1429 1195 1666 1264 ἀπέργει.
1707 1199 1860 1249 τοῦτο

271 1275 346 1336 δε,
374 1277 466 1328 τοῦ
480 1275 781 1344 Ἡφαίστου
808 1277 866 1328 τὸ
896 1277 1006 1346 ιρόν
1033 1273 1399 1344 ἱδρύσασθαι’
1372 1296 1425 1326 εν
1449 1274 1596 1341 αυτῇ,
1617 1273 1705 1328 ε’ὸν
1729 1274 1860 1345 μέγα

140 1355 252 1408 100
271 1375 328 1409 τε
355 1355 437 1406 καὶ
472 1353 957 1424 ἀξιαπηγητότατον.
1201 1353 1347 1406 Μετὰ
1383 1353 1438 1406 δὲ
1475 1355 1680 1411 τοῦτον,
1712 1353 1855 1406 κατέ-

271 1434 430 1504 λεγον
463 1433 513 1484 οἷ
551 1431 680 1502 ἱρέες
716 1432 772 1484 ἐκ
810 1430 1020 1496 βύβλου
1053 1431 1232 1484 ἄλλων
1255 1430 1524 1494 βασιλέων
1548 1431 1856 1500 τριηκοσίων

229 1522 254 1562 2
273 1531 331 1562 τε
365 1512 447 1564 καὶ
473 1508 743 1580 τριήκοντα
766 1510 1042 1578 οὐνόματα.
1099 1510 1153 1562 ἐν
1189 1507 1479 1576 τοσαύτῃσι
1515 1513 1735 1578 γενεῇσι
1771 1510 1852 1562 ἀν·

274 1587 509 1658 θρώπων,
536 1588 874 1642 ὀκτωκαίδεκα
910 1589 1005 1656 μὲν
1041 1587 1282 1642 Αἰθίοπες
1320 1585 1472 1654 ἦσαν,
1500 1587 1596 1654 μία
1633 1587 1694 1640 δὲ
1735 1587 1851 1658 γυνὴ

230 1677 255 1718 8
275 1665 539 1738 ἐπιχωρίη·
584 1667 633 1719 οἱ
661 1668 716 1720 δὲ
743 1666 918 1727 ἄλλοι,
946 1666 1126 1736 ἄνδρες
1152 1664 1440 1737 Αἰγύπτιοι.
1484 1669 1546 1733 τῇ
1575 1665 1632 1718 δὲ
1657 1666 1853 1737 γυναικὶ

274 1747 463 1812 οὕνομα
488 1742 550 1811 ἦν
571 1744 605 1812 ἥ
628 1766 706 1800 τις
733 1745 1052 1809 ἐβασίλευσε
1079 1747 1236 1814 τόπερ
1263 1748 1324 1811 τῇ
1343 1743 1666 1810 Βαβυλωνίῃ,
1688 1744 1849 1798 Νίτω·

230 1828 257 1869 4
275 1842 402 1891 κρις.
455 1822 547 1889 τὴν
581 1824 767 1893 ἔλεγον
801 1823 1154 1895 τιμωρέουσαν
1183 1823 1442 1896 ἀδελφεῷ,
1471 1823 1561 1875 τὸν
1585 1820 1850 1892 Αἰγύπτιοι

273 1897 622 1955 Βασιλεύοντα
650 1901 832 1968 σφέων
856 1901 1171 1956 ἀπέκτειναν·
1209 1901 1591 1956 ἀποκτείναντες
1617 1901 1694 1960 δε,
1723 1897 1850 1954 οὕτω

275 1976 435 2042 ἐκείνῃ
482 1977 744 2032 ἀπέδοσαν
788 1977 879 2041 τὴν
918 1975 1219 2046 βασιληιην
1279 1977 1443 2053 τούτω
1484 1978 1848 2048 τιμωρέουσαν.

226 2065 253 2106 6
276 2055 507 2110 πολλοὺς
532 2056 824 2127 Αἰγυπτίων
856 2058 1150 2128 διαφθεῖραι
1184 2059 1342 2130 δόλῳ.
1383 2055 1732 2124 ποιησαμένην
1755 2059 1848 2127 γάρ

276 2155 361 2198 μιν
395 2130 578 2203 οἴκημα
612 2135 883 2203 περίμηκες
919 2137 1184 2202 ὑπόγαιον,
1213 2139 1414 2190 καινοῦν
1453 2139 1526 2208 τῷ
1562 2137 1728 2206 λόγω,
1757 2139 1848 2207 νόω

230 2220 256 2260 6
278 2212 333 2264 δὲ
360 2214 497 2264 ἄλλα
523 2214 869 2282 μηχανᾶσθαι.
913 2215 1212 2268 καλέσασαν
1233 2214 1290 2268 δέ
1314 2236 1400 2282 μιν
1421 2212 1711 2284 Αἰγυπτίων
1737 2214 1847 2268 τοὺς

274 2291 507 2352 μάλιστα
542 2290 842 2386 μεταιτίους
868 2295 960 2344 τοῦ
1000 2293 1168 2361 φόνου
1206 2290 1342 2360 ᾔδεε,
1383 2292 1617 2347 πολλοὺς
1655 2291 1842 2344 ἑστιᾶν·

278 2364 619 2430 δαινυμένοισι
646 2367 755 2419 δὲ’
729 2371 921 2421 επεῖναι
946 2372 1035 2422 τὸν
1054 2373 1284 2438 ποταμὸν
1305 2369 1368 2424 δι’
1387 2371 1616 2424 αὐλῶνος
1635 2373 1847 2440 κρυπτοῦ

232 2445 258 2488 ἵ
276 2442 522 2504 μεγάλου.
578 2442 762 2510 ταύτης
799 2468 893 2511 μεν
930 2449 1050 2516 πέρι
1085 2452 1315 2502 τοσαῦτα
1355 2450 1562 2519 ἔλεγον·
1601 2448 1738 2515 πλην
1775 2447 1848 2500 ὅτι

278 2509 432 2576 αὖτῆν
455 2536 559 2578 μιν,
584 2520 649 2572 ὣς
676 2525 829 2574 τοῦτο
858 2523 1162 2595 ἐξέργαστο,
1185 2526 1399 2598 ῥῖψαι’
1371 2549 1424 2586 ες
1451 2524 1632 2596 οἴκημα
1657 2527 1847 2580 σποδοῦ
