1975 2892
277 104 348 160 12
859 114 1265 160 ΗΡοΔοΤοΥ

1494 165 1625 213 [A.c.
1647 168 1862 213 617-660.

274 227 400 280 σθαί
437 248 541 295 μιν,
581 227 648 281 ὧς
689 226 751 279 ἂν
783 228 951 296 ταφῆς
992 227 1046 280 ἐν
1077 232 1145 297 γῇ
1186 224 1395 294 τύχῃ,ἢ
1435 227 1652 295 ἐκπηδᾷν
1692 228 1743 281 ἐς
1776 227 1870 293 τὴν

231 312 256 352 G
277 305 554 358 θάλασσαν
579 305 671 372 τὴν
697 305 968 373 ταχίστην.
1012 304 1351 371 ἀπειληθέντα
1379 305 1434 358 δὲ
1462 307 1551 357 τὸν
1577 303 1785 374 Ἀρίονα
1814 305 1868 358 ἐς

275 383 508 452 ἀπορίην,
537 381 972 453 παραιτήσασθαι,
998 381 1172 450 ἐπειδή
1195 383 1300 451 σφι
1326 380 1461 435 οὕτω
1489 383 1674 441 δοκέοι,
1698 389 1865 453 περιΐ-

277 461 407 513 δέειν
433 462 585 514 αὐτὸν
611 461 665 514 ἐν
691 461 752 528 τῇ
782 464 937 528 σκευῇ
959 463 1104 528 πάσῃ
1123 462 1316 514 στάντα
1334 461 1387 513 ἐν
1412 463 1551 514 τοῖσι
1572 455 1865 521 ἑδωλίοισι,

277 538 466 592 ἀεῖσαι·
527 539 706 593 ἀείσας
749 540 824 601 δὲ,
873 538 1143 592 ὑπεδέκετο
1188 540 1375 592 ἑωυτὸν
1423 538 1865 610 κατεργάσασθαι.

237 621 261 664 7
278 618 360 670 καὶ
385 619 526 670 τοῖσι
555 617 790 670 ἐσελθεῖν
823 618 925 688 γὰρ
951 615 1153 685 ἡδονὴν,
1184 617 1228 670 εἷ
1267 617 1518 685 μέλλοιεν
1548 616 1869 670 ἀκούσεσθαι

277 699 369 748 τοῦ
423 694 642 765 ἀρίστου
703 695 982 766 ἀνθρώπων
1034 695 1229 757 ἀοιδοῦ,
1285 695 1615 767 ἀναχωρῆσαι
1669 695 1724 748 ἐκ
1777 697 1871 762 τῆς

237 771 506 843 8πρύμνης
539 772 591 827 ἐς
631 771 795 840 μέσην
832 773 934 826 νέα.
979 775 1069 826 τὸν
1111 773 1185 834 δὲ,
1221 770 1429 826 ἐνδύντα
1469 795 1525 826 τε
1560 776 1736 827 πᾶσαν
1776 773 1871 841 τὴν

281 851 485 919 σκευὴν,
516 851 598 903 καὶ
628 853 859 913 λαβόντα
885 851 976 918 τὴν
1009 851 1235 922 κιθάρην,
1268 853 1461 904 στάντα
1488 852 1541 904 ἐν
1572 855 1712 905 τοῖσι
1741 852 1867 905 ἑδω-

281 930 463 990 λίοισι,
488 927 770 994 διεξελθεῖν
797 932 951 997 νόμον
977 931 1068 982 τὸν
1088 928 1279 1000 ὄρθιον·
1324 933 1664 984 τελευτῶντος
1691 930 1747 982 δὲ
1774 934 1869 983 τοῦ

282 1009 455 1074 νόμου,
483 1005 643 1078 ῥίψαι
669 1027 757 1075 μιν
783 1007 836 1061 ἐς
862 1007 954 1075 τὴν
980 1006 1259 1060 θάλασσαν
1286 1009 1491 1068 ἑωυτὸν,
1523 1009 1590 1062 ὣς
1618 1003 1745 1076 εἶχε,
1770 1008 1872 1061 σὺν

245 1086 342 1152 9τῇ
376 1089 532 1152 σκευῇ
569 1086 732 1151 πάσῃ.
780 1086 860 1138 καὶ
900 1084 1020 1140 τοὺς
1058 1086 1152 1154 μὲν
1192 1085 1470 1139 ἀποπλέειν
1513 1086 1563 1141 ἐς
1597 1085 1866 1157 Κόρινθον·

281 1165 372 1214 τὸν
424 1163 498 1224 δὲ,
555 1163 778 1232 δελφῖνα
828 1162 1051 1233 λέγουσι
1105 1164 1437 1228 ὑπολαβόντα
1491 1164 1731 1229 ἐξενεῖκαι
1786 1164 1875 1218 ἐπὶ

221 1256 272 1298 10
284 1241 545 1310 Ταίναρον.
589 1239 856 1304 ἀποβάντα
884 1242 938 1294 δὲ
979 1242 1133 1294 αὑτὸν
1156 1241 1369 1313 χωρέειν
1408 1241 1460 1296 ἐς
1489 1241 1737 1312 Κόρινθον
1774 1241 1877 1296 σὺν

285 1322 343 1386 τῇ
388 1321 564 1386 σκευῇ,
595 1319 677 1371 καὶ
713 1319 1018 1386 ἀπικόμενον
1058 1319 1373 1390 ἀπηγέεσθαι
1407 1323 1509 1374 πᾶν
1544 1322 1604 1372 τὸ
1635 1323 1871 1391 γεγονός.

224 1411 272 1452 11
287 1397 600 1468 Περίανδρον
653 1396 710 1450 δὲ
752 1397 852 1451 ὑπὸ
895 1397 1137 1466 ἀπιστίης
1180 1397 1387 1468 Ἀρίονα
1428 1399 1521 1467 μὲν
1564 1398 1618 1451 ἐν
1663 1400 1875 1468 φυλακῇ

285 1475 439 1544 ἔχειν,
469 1475 663 1543 οὐδαμῆ
701 1475 950 1544 μετιέντα,
979 1477 1174 1530 ἀνακῶς
1201 1476 1257 1529 δὲ
1294 1477 1431 1545 ἔχειν
1456 1481 1557 1529 τῶν
1582 1475 1873 1546 πορθμέων·

287 1554 354 1607 ὧς
381 1553 437 1605 δὲ
463 1552 562 1624 ἄρα
597 1557 828 1624 παρεῖναι
854 1554 1056 1617 αὐτοὺς,
1086 1554 1362 1622 κληθέντας
1396 1555 1724 1626 ἱστορέεσθαι
1752 1552 1802 1607 εἴ
1824 1577 1876 1608 τι

222 1637 273 1678 12
287 1630 489 1701 λέγοιεν
527 1632 646 1702 περὶ
686 1631 936 1704 Ἀρίονος.
981 1633 1225 1702 φαμένων
1264 1633 1319 1686 δὲ
1361 1633 1563 1686 ἐκείνων
1603 1633 1671 1687 ὧς
1706 1631 1781 1700 εἴη
1818 1655 1878 1685 τε

289 1713 396 1762 σῶς
434 1710 554 1779 περὶ
591 1708 833 1778 Ἰταλίην,
883 1710 966 1763 καί
1005 1733 1091 1779 μιν
1131 1709 1187 1764 εὖ
1226 1708 1533 1780 πρήσσοντα
1576 1712 1780 1764 λίποιεν
1822 1711 1879 1763 ἐν

287 1787 524 1855 Τάραντι,
581 1788 888 1856 ἐπιφανῆναί
941 1790 1048 1857 σφι
1100 1791 1190 1842 τὸν
1240 1789 1463 1860 Ἀρίονα,
1520 1791 1698 1858 ὥσπερ
1742 1790 1880 1856 ἔχων

291 1860 595 1930 ἐξεπήδησε·
640 1867 722 1918 καὶ
765 1867 902 1928 τοὺς,
941 1867 1301 1936 ἐκπλαγέντας,
1330 1867 1422 1919 οὐκ
1461 1868 1598 1936 ἔχειν
1636 1868 1711 1919 ἔτι
1751 1867 1875 1919 ε’λε-

222 1948 273 1989 18
291 1940 580 2010 γχομένους
617 1942 906 2013 ἀρνέεσθαι.
965 1949 1135 1998 Ταῦτα
1176 1946 1270 2014 μέν
1301 1967 1390 1998 νυν
1416 1943 1678 2016 Κορίνθιοί
1711 1965 1768 1997 τε
1796 1945 1879 1998 καὶ

291 2019 511 2083 Λέσβιοι
537 2020 775 2092 λέγουσι.
820 2024 900 2075 καὶ
925 2022 1157 2093 Ἀρίονός
1179 2024 1294 2076 ἐστι
1320 2023 1549 2091 ἀνάθημα
1573 2025 1797 2092 χάλκεον
1816 2023 1879 2076 οὗ

290 2094 421 2165 μέγα
449 2097 531 2150 ἐπὶ
558 2101 804 2169 Ταινάρῳ,
836 2101 919 2154 ε’πὶ
947 2102 1195 2170 δελφῖνος
1221 2101 1383 2155 ε’πεῶν
1408 2101 1689 2162 ἅνθρωπος.

192 2168 270 2222 25
380 2171 661 2238 Ἀλυάττης
708 2172 763 2224 δὲ
811 2175 840 2224 ὁ
889 2174 1053 2228 Λυδὸς
1105 2174 1195 2226 τὸν
1246 2173 1375 2243 πρὸς
1430 2173 1721 2239 Μιλησίους
1771 2179 1871 2228 πό-

291 2251 452 2315 λεμον
499 2248 754 2308 διενείκας,
799 2250 1068 2316 μετέπειτα
1113 2252 1344 2320 τελευτᾷ,
1392 2250 1719 2316 βασιλεύσας
1763 2254 1881 2307 ἔτεα

247 2336 273 2378 2
293 2327 420 2378 ἑπτὰ
447 2326 528 2378 καὶ
563 2324 886 2393 πεντήκοντα.
931 2328 1138 2394 ἀνέθηκε
1180 2329 1253 2389 δὲ,
1285 2329 1524 2400 ἐκφυγὼν
1559 2331 1651 2398 τὴν
1688 2335 1881 2385 νοῦσον

294 2400 529 2472 δεύτερος
556 2401 704 2458 οὗτος
739 2406 830 2471 τῆς
855 2404 1014 2472 οἰκίης
1053 2404 1252 2473 ταύτης,
1284 2408 1336 2462 ἐς
1372 2409 1617 2478 Δελφοὺς
1656 2412 1881 2481 κρητῆρά

292 2499 349 2530 τε
375 2478 624 2549 ἀργύρεον
647 2480 825 2550 μέγαν,
855 2483 936 2534 καὶ
964 2483 1383 2556 ὑποκρητηρίδιον
1410 2485 1651 2557 σιδήρεον
1679 2490 1877 2556 κολλη-

293 2555 400 2616 τὸν,
431 2555 548 2623 θέης
573 2556 717 2623 ἀξιον
754 2558 837 2610 διὰ
871 2560 1073 2612 πάντων
1099 2567 1199 2614 τῶν
1234 2562 1289 2616 ἐν
1316 2566 1581 2633 Δελφοῖσι
1616 2565 1875 2636 ἀναθημά-

1970 2553 1973 2606 λ

1966 2631 1971 2868 1
