1975 2892
219 115 260 172 6
805 108 1214 160 ΗΡΟΔΟΤΟΥ
1558 156 1807 201 [A.C.716.

134 230 208 284 10
227 219 288 276 ’0
324 221 418 288 μέν
455 219 535 280 δὴ,
567 219 636 273 ὣς
673 219 766 271 οὐκ
804 217 1017 283 ἠδύνατο
1058 214 1370 285 διαφυγέειν,
1416 211 1478 280 ἦν
1517 215 1732 282 ἑτοῖμος.
1772 216 1805 266 ό

224 296 279 348 δὲ
319 293 636 359 Κανδαύλης,
672 292 787 346 ἐπεὶ
817 292 988 345 ἐδόκεε
1018 293 1121 362 ὥρη
1158 294 1249 359 τῆς
1282 291 1452 358 κοίτης
1481 287 1623 351 εἶναι,
1654 294 1816 362 ἤγαγε

223 375 312 426 τὸν
333 368 496 443 Γύγεα
521 371 576 426 ἐς
595 373 655 424 τὸ
671 368 870 438 οἴκημα·
901 371 984 424 καὶ
1004 371 1132 438 μετὰ
1159 373 1318 423 ταῦτα
1344 369 1523 423 αὐτίκα
1548 371 1715 438 παρῆν
1732 370 1819 423 καὶ

183 450 254 518 Βῆ
280 448 426 522 γυνὴ.
457 449 786 502 ἐσελθοῦσαν
813 450 868 502 δὲ
895 450 978 502 καὶ
1005 448 1236 501 τιθεῖσαν
1262 449 1326 500 τὰ
1352 446 1532 510 εἵματα
1556 447 1755 514 ἐθηεῖτο
1786 451 1816 500 ὅ

224 528 406 600 Γύγης.
441 529 510 583 ὣς
538 529 594 582 δὲ
621 529 746 581 κατὰ
767 529 928 580 νώτου
957 525 1176 597 ἐγένετο,
1198 524 1378 593 ἰούσης
1397 529 1488 594 τῆς
1506 528 1744 598 γυναικὸς
1765 526 1821 580 ἐς

183 624 207 664 8
226 608 317 675 τὴν
343 607 531 675 κοίτην,
561 606 777 660 ὑπεκδὺς
818 606 1010 675 ἐχώρεε
1042 605 1161 671 ἔξω.
1207 606 1289 658 καὶ
1322 603 1352 672 ἦ
1387 605 1513 675 γυνὴ
1544 605 1703 675 ἐπορᾷ
1730 626 1821 672 μιν

227 686 445 752 ἐξιόντα.
475 685 713 754 μαθοῦσα
740 684 876 737 δὲτὸ
895 682 1107 746 ποιηθὲν
1126 682 1184 735 ἐκ
1210 687 1302 735 τοῦ
1331 683 1531 751 ἀνδρὸς,
1556 686 1673 735 οὔτε
1700 681 1817 736 ἀνέ-

228 767 404 829 βωσεν
430 762 789 832 αἷσχυνθεῖσα,
819 764 937 814 οὔτε
970 761 1118 828 ἔδοξε
1150 760 1372 830 μαθέειν,
1401 761 1459 814 ἐν
1486 764 1585 834 νόῳ
1620 763 1823 830 ἔχουσα

228 841 470 896 τίσεσθαι
497 842 586 894 τὸν
607 839 924 894 Κανδαύλεα.
965 841 1105 909 παρὰ
1130 841 1231 910 γὰρ
1258 843 1400 892 τοῖσι
1431 841 1662 905 Λυδοῖσι,
1688 862 1821 908 σχε-

231 921 320 973 δὸν
354 920 409 972 δέ
444 920 526 972 καὶ
557 920 696 990 παρὰ
735 922 874 971 τοῖσι
915 917 1132 971 ἄλλοισι
1171 919 1509 989 βαρβάροισι,
1539 919 1623 972 καὶ
1663 918 1826 988 ἄνδρα

141 996 209 1050 11
231 997 452 1066 ὀφθῆναι
476 999 684 1067 γυμνὸν,
713 997 766 1052 ἔς
791 995 1043 1065 αἰσχύνην
1066 998 1297 1068 μεγάλην
1322 997 1492 1069 φέρει.
1694 1000 1826 1050 Τότε

231 1076 323 1145 μὲν
365 1075 426 1143 δὴ
468 1073 620 1136 οὕτω,
663 1075 810 1129 οὐδὲν
851 1076 1156 1142 δηλώσασα,
1200 1074 1423 1144 ἡσυχίην
1462 1071 1589 1144 εἶχε·
1655 1076 1725 1130 ὧς
1766 1075 1825 1128 δέ

232 1153 390 1224 ἡμέρη
433 1155 657 1222 τάχιστα
701 1153 952 1225 ἐγεγόνεε,
1003 1158 1104 1206 τῶν
1148 1152 1385 1207 οἰκετέων
1430 1154 1549 1209 τοὺς
1590 1156 1828 1222 μάλιστα

235 1233 341 1304 ὥρα
366 1231 584 1286 πιστοὺς
611 1231 787 1286 ἐόντας
814 1233 994 1299 ἑωυτῇ,
1025 1231 1258 1300 ἑτοίμους
1283 1231 1619 1300 ποιησαμένη,
1642 1231 1829 1285 ἐκάλεε

194 1325 218 1364 2
234 1313 324 1364 τὸν
350 1309 531 1381 Γύγεα.
600 1309 660 1363 ‘0
689 1311 763 1371 δὲ,
793 1310 941 1364 οὐδὲν
968 1308 1157 1363 δοκέων
1184 1310 1339 1378 αὐτὴν
1365 1316 1466 1363 τῶν
1490 1310 1828 1380 πρηχθέντων

236 1389 568 1449 ἐπίστασθαι,
610 1386 740 1456 ἦλθε
779 1391 1101 1456 καλεόμενος·
1151 1387 1306 1442 ἐώθεε
1347 1389 1449 1459 γὰρ
1485 1390 1567 1442 καὶ
1603 1389 1826 1459 πρόσθε,

199 1467 366 1524 Βὸκως
402 1467 431 1535 ἧ
471 1468 720 1532 βασίλεια
758 1466 952 1526 καλέοι,
982 1468 1190 1536 φοιτᾶν.
1271 1467 1339 1522 ὧς
1372 1468 1427 1521 δὲ
1455 1471 1484 1521 ὁ
1512 1465 1677 1538 Γύγης
1703 1469 1825 1521 ἀπί-

239 1568 372 1608 κετο,
403 1548 558 1617 ἔλεγε
595 1545 624 1613 ἢ
655 1546 780 1616 γυνὴ
808 1546 947 1598 τάδε·
1003 1548 1159 1598 “Νὓν
1193 1566 1273 1598 τοι
1307 1545 1449 1598 δυοῖν
1473 1545 1827 1615 παρεουσέων,

239 1623 394 1696 Γύγη,
415 1626 595 1693 δίδωμι
611 1622 826 1695 αἵρεσιν,
850 1621 1091 1693 ὁκοτέρην
1104 1622 1324 1688 βούλεαι
1342 1622 1646 1694 τραπέσθαι·
1678 1622 1829 1696 ἢγᾶρ

243 1702 541 1756 Κανδαύλεα
580 1703 894 1763 ἀποκτείνας,
939 1699 1030 1770 ε’μέ
1073 1723 1129 1754 τε
1170 1703 1251 1754 καὶ
1290 1701 1381 1769 τὴν
1420 1697 1703 1769 βασιληίην
1739 1703 1833 1770 ἔχε

243 1781 333 1848 τὴν
375 1782 569 1841 Λυδῶν,
598 1779 628 1848 ἦ
666 1782 818 1834 αὐτὸν
858 1780 922 1833 σέ
963 1781 1141 1833 αὐτίκα
1174 1777 1308 1833 οὕτω
1348 1778 1693 1849 ἀποθνήσκειν
1730 1781 1829 1834 δεῖ·

245 1861 312 1914 ὣς
359 1858 421 1911 ἂν
473 1859 560 1926 μὴ,
598 1860 764 1912 πάντα
815 1859 1116 1926 πειθόμενος
1160 1856 1449 1926 Κανδαύλῃ,
1500 1863 1592 1912 τοῦ
1639 1863 1833 1913 λοιποῦ

205 1947 229 1986 4
245 1934 355 2004 ἴδῃς
389 1937 453 1989 τὰ
487 1935 556 2004 μή
605 1959 670 1990 σε
718 1939 813 1990 δεῖ.
897 1937 1019 1990 ἀλλ’
1074 1940 1187 2006 ἤτοι
1235 1940 1398 1991 κεῖνόν
1441 1960 1503 2009 γε
1545 1939 1636 1990 τὸν
1674 1941 1837 1991 ταῦτα

247 2012 605 2074 Βουλεύσαντα
657 2015 734 2069 δεῖ
776 2015 1125 2082 ἀπόλλυσθαι,
1182 2014 1212 2084 ἢ
1257 2017 1337 2080 σέ,
1382 2018 1473 2070 τὸν
1512 2016 1600 2084 ἐμὲ
1639 2015 1838 2087 γυμνὴν

206 2101 230 2141 6
249 2093 585 2162 θηησάμενον,
641 2094 722 2148 καὶ
774 2092 1063 2161 ποιήσαντα
1115 2095 1176 2148 οὗ
1230 2093 1579 2162 νομιζόμενα.”
1662 2093 1722 2146 ‘0
1778 2093 1839 2147 δὲ

249 2171 413 2243 Γύγης
452 2171 580 2230 τέως
624 2173 717 2242 μέν
762 2173 1093 2240 ἀπεθώυμαζε
1145 2174 1209 2226 τὰ
1249 2175 1521 2244 λεγόμενα·
1584 2173 1713 2241 μετὰ
1757 2173 1836 2234 δέ,

252 2249 441 2304 ἱκέτευε
467 2250 536 2320 μή
571 2274 658 2322 μιν
683 2252 925 2322 ἀναγκαίῃ
955 2251 1117 2304 ἐνδεῖν
1144 2252 1391 2322 διακρῖναι
1426 2249 1664 2318 τοιαύτην
1696 2248 1840 2322 αἶρε-

207 2344 231 2384 6
253 2350 354 2383 σιν.
399 2333 562 2384 οὔκων
590 2331 650 2398 δὴ
679 2329 864 2388 ἔπειθε,
887 2329 1009 2381 ἀλλ’
1030 2330 1137 2399 ὥρα
1164 2329 1438 2400 ἀναγκαίην
1457 2329 1687 2398 ἀληθέως
1705 2351 1841 2399 προ-

252 2405 495 2472 κειμένην,
525 2407 555 2474 ἦ
583 2410 673 2461 τὸν
699 2408 955 2460 δεσπότεα
981 2405 1288 2468 ἀπολλύναι,
1318 2406 1348 2474 ἢ
1376 2408 1531 2461 αὐτὸν
1556 2407 1639 2462 ὑπ’
1663 2408 1848 2461 ἄλλων

207 2497 232 2542 ’τ
254 2483 603 2538 ἀπόλλυσθαι.
628 2482 846 2554 αἱρέεται
863 2484 1014 2538 αὐτὸς
1032 2487 1293 2554 περιεῖναι.
1324 2484 1575 2556 ἐπειρώτα
1592 2486 1651 2554 δὴ
1672 2484 1849 2556 λέγων

254 2561 393 2612 τάδε·
436 2563 471 2585 “
490 2559 636 2614 Ἐπεί
658 2582 724 2629 με
743 2561 1037 2632 ἀναγκάζεις
1064 2562 1320 2616 δεσπότεα
1345 2564 1435 2617 τὸν
1461 2562 1585 2632 ἐμὸν
1612 2565 1846 2633 κτείνειν,
