1975 2892
570 126 763 173 ΕΥΤΕ
776 127 1100 174 PIIH.—-11.
1133 125 1310 190 64-67.
1631 127 1742 182 155

152 238 333 309 τρίτον
369 238 524 308 μέρος
548 238 640 306 τῆς
670 239 917 306 κεφαλῆς,
949 239 1132 292 ἱστᾶσι
1169 239 1382 314 σταθμῷ
1417 241 1547 311 πρὸς
1582 240 1742 312 ἀργύ-

148 338 270 388 ριον
303 317 395 370 τὰς
432 316 631 386 τρίχας·
675 318 736 369 rb
773 315 817 368 δ’
846 317 909 369 ἂν
944 315 1160 384 ἐλκύσῃ,
1190 322 1342 371 τοῦτο
1383 323 1444 388 τῇ
1471 321 1742 394 μελεδωνῷ

150 400 260 448 τῶν
286 393 475 464 θηρίων
500 395 651 448 διδοῖ.
695 392 725 461 ἦ
754 394 799 448 δ’
828 393 935 447 ἀντ’
962 395 1121 448 αὐτοῦ
1146 397 1410 463 τάμνουσα
1447 397 1611 468 ἰχθῦς,
1640 421 1738 452 πα·
1755 413 1781 454 8

150 471 299 544 ρέχει
343 472 509 542 βορὴν
552 475 693 525 τοῖσι
744 472 998 542 θηρίοισι.·
1053 473 1225 544 τροφὴ
1277 476 1372 543 μὲν
1422 477 1484 544 δὴ
1536 477 1742 529 αὐτοῖσι

152 549 362 618 τοιαύτη
398 551 746 605 ἀποδέδεκται.
788 552 858 604 Τὸ
896 550 940 605 δ’
978 550 1042 605 ἅν
1078 573 1157 607 τις
1191 557 1294 605 τῶν
1327 552 1516 623 θηρίων
1548 552 1776 607 τούτωνῗ

151 629 443 696 ἀποκτείνῃ,
472 627 535 696 ἢν
563 629 659 698 μὲν
696 630 839 691 έκῶν,
870 629 1086 686 θάνατος
1111 629 1142 698 ἦ
1180 631 1347 698 ζημίη·
1391 630 1452 699 ἣν
1479 632 1534 685 δὲ
1561 632 1736 693 ἀέκων,

148 707 381 762 ἀποτίνει
408 706 585 774 ζημίην
610 707 703 775 τὴν
737 707 799 760 ἂν
824 709 875 761 οἱ
903 709 1033 780 ἷρέες
1058 709 1328 776 τάξωνται.
1374 707 1431 765 ὃς
1471 709 1516 764 δ’
1545 710 1606 763 ἃν
1631 708 1740 775 ἶβιν

150 784 183 854 ἢ
224 783 373 856 ἴρηκα
410 785 699 853 ἀποκτείνῃ,
738 789 799 855 ἥν
837 808 895 839 τε
930 787 1074 852 ἑκὼν,
1101 790 1164 856 ἤν
1198 808 1255 840 τε
1291 787 1468 850 ἀέκων,
1507 789 1738 842 τεθνάναι

149 865 365 935 ἀνάγκη.
598 866 826 918 Πολλῶν
878 865 935 918 δὲ
988 866 1174 920 ἐόντων
1237 869 1546 937 ὁμοτρόφων
1597 870 1734 920 τοῖσι
1751 869 1830 923 66

148 942 473 1012 ἀνθρώποισι
511 941 715 1013 θηρίων,
743 945 928 1016 πολλῷ
954 943 1017 996 ἂν
1060 945 1136 996 ἔτι
1169 944 1313 998 πλέω
1351 945 1564 1014 ε’γίνετο,
1595 945 1641 997 εἷ
1665 946 1734 1014 μὴ

150 1022 504 1090 κατελάμβανε
536 1021 655 1076 τοὺς
680 1019 979 1091 αἰελούρους
1018 1023 1209 1075 τοιάδε.
1251 1020 1442 1076 Ἐπεὰν
1467 1025 1656 1077 τέκωσι
1683 1026 1733 1076 αἱ
1750 1039 1774 1077 2

148 1097 351 1166 θήλεαι,
400 1099 567 1152 οὐκέτι
612 1099 887 1168 φοιτέουσι
927 1100 1066 1170 παρὰ
1113 1100 1232 1156 τοὺς
1278 1102 1507 1172 ἔρσενας·
1560 1103 1610 1154 οἱ
1657 1103 1734 1163 δὲ,

149 1176 407 1245 διζῆμενοι
431 1177 715 1248 μίσγεσθαι
741 1178 943 1244 αὗτῇσι,
966 1178 1060 1231 οὐκ
1087 1179 1291 1247 ἔχουσι.
1333 1181 1464 1250 πρὸς
1491 1179 1562 1232 ὧν
1575 1184 1736 1234 ταῦτα

150 1257 459 1325 σοφίζονται
478 1257 617 1309 τάδε·
660 1256 968 1326 ἁρπάζοντες
994 1256 1096 1310 ἀπὸ
1121 1263 1223 1311 τῶν
1249 1256 1448 1324 θηλέων
1474 1259 1556 1311 καὶ
1581 1259 1732 1312 ὑπαι-

146 1336 381 1405 ρεόμενοι
432 1334 496 1388 τὰ
547 1333 712 1395 τέκνα,
757 1334 1034 1388 κτείνουσι.
1095 1335 1375 1390 κτείναντες
1425 1337 1618 1403 μέντοι,
1671 1337 1732 1388 οὗ
1749 1353 1774 1392 8

146 1412 440 1468 πατέονται.
482 1413 535 1465 αἱ
572 1413 646 1474 δὲ,
677 1415 1068 1482 στερισκόμεναι
1099 1418 1202 1466 τῶν
1233 1413 1435 1472 τέκνων,
1465 1413 1642 1466 ἄλλων
1677 1414 1735 1466 δὲ

146 1489 535 1559 ἐπιθυμέουσαι,
564 1487 699 1543 οὕτω
734 1490 793 1558 δὴ
822 1490 1142 1544 ἀπικνέονται
1176 1491 1314 1560 παρὰ
1346 1490 1465 1544 τοὺς
1501 1491 1730 1559 ἔρσενας·

147 1570 459 1638 φιλότεκνον
488 1569 545 1622 δὲ
580 1571 641 1621 τὸ
679 1568 871 1639 θηρίον.
914 1571 1163 1638 πυρκαῖῆς
1199 1569 1256 1621 δὲ
1293 1567 1581 1638 γενομένης,
1623 1567 1733 1620 θεῖα
1750 1583 1776 1624 ι

144 1645 423 1717 πρήγματα
461 1648 839 1715 καταλαμβάνει
877 1645 999 1700 τοὺς
1037 1643 1356 1716 αἰελούρους.
1398 1648 1449 1698 οἱ
1494 1646 1588 1714 μὲν
1631 1646 1733 1716 γὰρ
1751 1662 1776 1702 5

147 1723 423 1796 Αἰγύπτιοι
457 1726 754 1780 διαστάντες
792 1725 1032 1794 φυλακὰς
1070 1725 1256 1794 ἔχουσι
1295 1728 1396 1776 τῶν
1435 1721 1733 1794 αἰελούρων,

146 1800 501 1870 ἀμελήσαντες
538 1801 809 1867 σβεννύναι
844 1803 905 1856 rb
940 1805 1221 1871 καιόμενον·
1265 1803 1316 1855 οἶ
1353 1802 1408 1855 δὲ
1444 1800 1731 1872 αἰέλουροι,

148 1880 440 1936 διαδύοντες
466 1882 547 1934 καὶ
582 1880 1032 1951 ὑπερθρώσκοντες
1065 1882 1186 1937 τοὺς
1225 1881 1538 1952 ἀνθρώπους,
1569 1881 1730 1936 ε’σάλ-

145 1961 329 2014 λονται
375 1960 428 2014 ἐς
466 1961 526 2012 rb
564 1961 689 2028 πῦρ.
731 1962 889 2012 ταῦτα
928 1960 984 2013 δὲ
1015 1962 1272 2031 γινόμενα,
1311 1960 1498 2014 πένθεα
1532 1961 1732 2030 μεγάλα
1749 1973 1773 2011 6

146 2037 273 2093 τοὺς
296 2037 606 2108 Αἰγυπτίους
632 2039 1031 2106 καταλαμβάνει.
1074 2039 1129 2091 έν
1155 2041 1352 2093 ὁτέοισι
1370 2038 1411 2092 δ’
1435 2037 1498 2091 ἂν
1523 2038 1732 2090 οἶκίοισι
1749 2049 1774 2091 't

146 2115 451 2187 αἷέλουρους
481 2114 709 2182 ἀποθάνῃ
746 2115 848 2169 ἀπὸ
880 2120 973 2168 τοῦ
1009 2117 1313 2184 αὐτομάτου,
1343 2118 1393 2168 οἱ
1433 2115 1736 2170 ἐνοικέοντες

145 2195 335 2249 πάντες
374 2193 639 2264 ξυρέονται
671 2195 761 2248 τὰς
796 2192 998 2265 ὀφρύας
1031 2192 1236 2261 μούνας·
1293 2192 1412 2264 παρ’
1454 2192 1651 2245 ὁτέοισι
1688 2191 1731 2244 δ’

146 2272 215 2326 ἂν
260 2271 408 2334 κύων,
442 2274 545 2325 πᾶν
585 2273 645 2325 τὸ
686 2277 838 2341 σῶμα
877 2273 959 2325 καὶ
990 2272 1081 2340 τὴν
1116 2269 1366 2340 κεφαλήν.
1573 2269 1732 2322 Ἀπά-
1751 2263 1827 2324 67

144 2371 329 2421 γονται
372 2351 429 2404 δὲ
476 2351 527 2403 οἱ
570 2349 837 2421 αἰέλουροι
882 2349 1222 2404 ἀποθανόντες
1267 2350 1320 2403 ἐς
1368 2348 1480 2417 ἱρὰς
1527 2347 1732 2418 στέγας,

146 2428 273 2482 ἔνθα
299 2428 575 2482 θάπτονται
600 2428 983 2499 ταριχευθέντες
1011 2428 1066 2481 έν
1085 2428 1350 2490 Βουβάστι
1375 2428 1520 2480 πόλι.
1563 2427 1654 2480 τὰς
1680 2427 1734 2478 δὲ
1750 2435 1774 2474 2

146 2504 303 2562 κύνας
348 2507 403 2560 ἐν
448 2512 511 2574 τῇ
557 2509 759 2560 ἑωυτῶν
801 2505 1010 2558 ἕκαστοι
1048 2509 1174 2559 πόλι
1215 2504 1472 2557 θάπτουσι
1507 2503 1564 2557 έν
1595 2504 1738 2573 ἱρῇσι

148 2583 361 2653 θήκῃσι.
406 2585 475 2640 ὣς
500 2585 558 2638 δὲ
584 2581 749 2640 αὕτως
784 2586 907 2652 τῇσι
934 2585 1056 2637 κυσὶ
1091 2585 1141 2636 οἱ
1179 2581 1404 2652 ἰχνευταὶ
1441 2580 1733 2636 θάπτονται.
1749 2587 1775 2627 8
