1975 2892
489 111 692 161 ΘΑΛΕ
704 116 983 163 I-A.--111.
1018 130 1251 179 ιιι-125.
1551 112 1667 171 287

45 176 126 217 οι.
149 176 216 216 σι.
238 176 304 226 3.]

52 235 202 295 λως,
227 230 522 299 ἀποπέμπει
547 237 725 302 πρῶτα
751 234 1108 302 κατοψόμενον
1137 235 1449 304 Μαιάνδριον
1476 244 1670 289 Μαιαν-

57 309 248 379 δρίου,
295 310 454 379 ἄνδρα
497 315 599 362 τῶν
637 310 828 372 ἀστῶν,
871 310 927 365 ὅς
966 311 1017 362 οἱ
1055 307 1117 376 ἦν
1153 312 1557 381 γραμματιστής·
1616 312 1673 368 ὃς

59 390 254 459 χρόνῳ
301 387 362 439 οὔ
403 390 588 460 πολλῷ
627 384 848 458 ὕστερον
884 386 1095 449 τούτων,
1135 390 1225 441 τὸν
1259 392 1453 458 κόσμον
1488 393 1578 445 τὸν
1617 392 1671 445 ἐκ

61 468 172 519 τοῦ
201 466 486 535 ἀνδρεῶνος
511 468 602 519 τοῦ
629 466 1009 536 Πολυκράτεος,
1041 466 1187 519 ἐόντα
1212 466 1527 535 ἀξιοθέητον,
1556 470 1668 523 ἀνέ-

65 542 203 609 θηκε
240 544 408 597 πάντα
443 543 494 598 ἐς
532 544 592 596 τὸ
617 542 848 613 Ἡραῖον.
928 542 989 595 ‘O
1020 544 1075 597 δέ
1101 542 1353 613 Ὀροίτης,
1382 545 1557 613 μαθὼν
1581 549 1671 601 τὸν
1692 562 1720 602 2

68 621 414 674 κατάσκοπον
441 622 586 674 ἐόντα
612 622 980 691 προσδόκιμον,
1001 622 1171 675 ἐποίεε
1196 623 1383 677 τοιάδε.
1418 624 1670 694 λάρνακας

67 699 216 751 ὀκτὼ
253 700 536 769 πληρώσας
573 698 754 759 λίθων,
781 699 920 767 πλὴν
959 701 1118 771 κάρτα
1155 700 1382 771 βραχέος
1420 705 1513 753 τοῦ
1552 702 1670 772 περὶ

70 777 212 830 αὐτὰ
239 777 304 829 τὰ
339 778 538 845 χείλεα,
567 776 817 845 ἐπιπολῆς
851 782 952 831 τῶν
984 778 1149 832 λίθων
1184 779 1385 850 χρυσὸν
1422 778 1665 843 ἐπέβαλε·

73 852 378 922 καταδήσας
419 854 475 907 δὲ
514 855 604 910 τὰς
642 856 913 925 λάρνακας,
945 850 1053 924 εἶχε
1088 856 1310 925 ἑτοίμας.
1360 856 1529 910 ἐλθὼν
1555 857 1610 910 δέ
1638 861 1667 910 ὁ
1690 873 1716 915 8

84 928 424 998 Μαιάνδριος,
463 930 545 984 και
585 930 914 998 θεησάμενος,
953 931 1233 1004 ἀπήγγειλε
1276 935 1350 1005 τῷ
1396 935 1665 1004 Πολυκρά-

82 1013 183 1061 τεῖ.
265 1006 330 1061 ‘O
371 1007 448 1070 δέ,
486 1010 659 1062 πολλα
698 1031 794 1077 μεν
831 1015 932 1064 τῶν
971 1013 1192 1079 μαντίων
1231 1010 1667 1081 ἀπαγορευόντων,
1697 1012 1823 1077 124,

77 1085 264 1141 πολλα
304 1086 362 1139 δὲ
400 1090 503 1138 τῶν
540 1085 731 1155 φίλων,
761 1085 1047 1139 ἐστέλλετο
1088 1086 1239 1141 αὐτὸς
1277 1086 1495 1141 ἀπιέναι·
1537 1090 1667 1158 πρὸς

82 1166 162 1225 δὲ,
205 1165 289 1217 καὶ
329 1161 538 1231 ἰδούσης
577 1164 668 1231 τῆς
707 1162 958 1235 θυγατρὸς
1000 1163 1129 1235 ὄψιν
1168 1164 1404 1219 ἐνυπνίου
1444 1163 1661 1233 τοιηνδε·

84 1243 259 1297 ἐδόκεέ
283 1242 333 1295 οἱ
359 1242 449 1294 τὸν
467 1240 659 1313 πατέρα
686 1241 739 1294 ἐν
757 1245 829 1314 τῷ
855 1238 964 1313 ἦέρι
989 1244 1244 1314 μετέωρον
1262 1242 1425 1305 ἐόντα,
1442 1243 1667 1297 λοῦσθαι

86 1342 183 1388 μεν
217 1320 318 1374 ὑπὸ
353 1323 445 1372 τοῦ
474 1321 612 1381 Διὸς,
640 1318 882 1390 χρίεσθαι
917 1320 972 1373 δὲ
1010 1321 1108 1374 ὑπὸ
1145 1324 1236 1374 τοῦ
1271 1320 1440 1387 ἡλίου.
1483 1319 1667 1387 ταύτην
1688 1334 1715 1375 2

90 1398 278 1453 ἰδοῦσα
316 1397 408 1465 τὴν
445 1396 592 1468 ὄψιν,
621 1397 832 1464 παντοίη
875 1397 1069 1469 ἐγίνετο
1108 1397 1175 1467 μὴ
1217 1398 1543 1466 ἀποδημῆσαι
1578 1401 1668 1453 τὸν

90 1476 426 1547 Πολυκράτεα
449 1476 588 1545 παρὰ
613 1476 702 1529 τὸν
725 1474 980 1547 Ὀροίτεα·
1016 1477 1097 1529 καὶ
1125 1476 1184 1543 δὴ
1213 1476 1295 1529 καὶ
1322 1475 1485 1531 ἰόντος
1510 1476 1666 1530 αὐτοῦ

92 1554 179 1608 ἐπὶ
213 1553 305 1622 τὴν
328 1555 720 1624 πεντηκόντερον
747 1552 1105 1624 ἐπεφημίζετο.
1149 1557 1178 1606 ὁ
1213 1553 1275 1607 δέ
1307 1554 1356 1606 οἱ
1395 1550 1663 1621 ἠπείλησε,
1692 1572 1717 1612 a

18 1644 21 1663 '
93 1631 155 1700 ἣν
183 1637 287 1687 σῶς
311 1630 664 1699 ἀπονοστήσῃ,
693 1634 896 1687 πολλόν
919 1652 1007 1698 μιν
1030 1633 1219 1701 χρόνον
1244 1629 1663 1701 παρθενεύεσθαι.

96 1708 127 1777 ἡ
156 1710 210 1762 δὲ
235 1708 462 1780 ἠρήσατο
491 1709 726 1763 ἐπιτελέα
759 1712 917 1762 ταῦτα
949 1709 1211 1780 γενέσθαι·
1251 1707 1541 1773 βούλεσθαι
1565 1711 1666 1781 γὰρ
1692 1727 1717 1767 4

99 1786 492 1858 παρθενεύεσθαι
524 1788 668 1842 πλέω
702 1789 890 1859 χρόνον
923 1785 954 1855 ἢ
989 1790 1083 1842 τοῦ
1116 1788 1308 1853 πατρὸς
1333 1786 1663 1858 ἐστερῆσθαι.

101 1866 424 1935 Πολυκράτης
470 1866 548 1932 δέ,
591 1866 763 1933 πάσης
815 1865 1135 1935 συμβουλίης
1186 1864 1470 1937 ἀλογήσας,
1512 1868 1665 1921 ἔπλεε
1696 1866 1805 1919 125

103 1945 236 2009 παρὰ
283 1942 372 1998 τὸν
424 1943 678 2011 Ὀροίτεα,
730 1944 832 2011 ἅμα
883 1944 1131 2015 ἀγόμενος
1183 1945 1377 2000 ἄλλους
1427 1966 1485 1998 τε
1535 1950 1665 2001 πολ-’

101 2020 225 2075 λοὺς
247 2024 345 2073 τῶν
371 2020 600 2088 ἑταίρων,
632 2019 685 2072 ἐν
721 2020 776 2072 δὲ
813 2019 874 2086 δὴ
911 2021 994 2072 καὶ
1020 2019 1317 2089 Δημοκήδεα
1351 2020 1441 2073 τὸν
1467 2023 1664 2074 Καλλι-

103 2100 314 2167 φῶντος,
343 2096 695 2169 Κροτωνιῆτην
733 2097 907 2166 ἄνδρα,
946 2096 1120 2167 ἰητρόν
1157 2118 1214 2150 τε
1254 2098 1417 2159 ἐόντα,
1455 2098 1538 2149 καὶ
1578 2096 1669 2163 τὴν

101 2177 278 2244 τέχνην
303 2175 552 2229 ἀσκέοντα
577 2174 764 2245 ἄριστα
789 2179 890 2227 τῶν
916 2172 1023 2227 κατ’
1052 2176 1255 2227 ἑωυτόν.
1337 2172 1667 2242 Ἀπικόμενος
1686 2186 1714 2228 2

105 2254 162 2306 δὲ
200 2254 249 2307 ἐς
285 2252 374 2321 τὴν
408 2253 710 2323 Μαγνησίην
748 2256 777 2306 ὁ
812 2252 1163 2323 Πολυκράτης,
1194 2250 1445 2323 διεφθάρη
1486 2256 1664 2312 κακῶς,

106 2334 220 2384 οὔτε
257 2332 441 2384 ἑωυτοῦ
481 2330 636 2397 ἀξίως
671 2333 787 2383 οὔτε
822 2334 923 2383 τῶν
959 2331 1149 2382 ἑωυτοῦ
1188 2330 1544 2399 φρονημάτων·
1588 2326 1668 2382 ὅτι

24 2406 28 2457 Ρ
105 2410 204 2481 γὰρ
227 2408 290 2477 μὴ
317 2410 365 2461 οἱ
391 2408 717 2478 Συρηκοσίων
748 2409 1010 2478 γενόμενοι
1046 2404 1297 2476 τύραννοι,
1327 2406 1443 2459 οὐδὲ
1471 2401 1542 2460 εἷς
1568 2411 1669 2459 τῶν

109 2487 276 2539 ἄλλων
320 2485 630 2551 Ἑλληνικῶν
680 2486 935 2555 τυράννων
986 2484 1128 2551 ἄξιός
1180 2484 1296 2537 ἐστι
1347 2485 1669 2555 Πολυκράτεϊ

111 2562 538 2637 μεγαλοπρεπείην
577 2561 954 2633 συμβληθῆναι.
1010 2562 1306 2620 ἀποκτείνας
1351 2562 1410 2616 δέ
1452 2584 1539 2639 μιν
1577 2562 1665 2617 οὐκ
1680 2575 1741 2618 ⁸.

1841 2751 1929 2793 ,Δ
