1975 2892
278 123 393 181 106
866 136 1269 181 ΗΡοΔοΤοΥ

1623 196 1692 242 [A.
1711 197 1752 233 c.
1773 198 1862 238 538.

280 249 541 309 καλέουσι,
569 250 685 301 ἔστι
724 248 963 302 ἁπασέων
999 253 1098 301 τῶν
1130 247 1328 317 ἀρχέων
1357 248 1560 301 πολλόν
1595 269 1647 299 τι
1685 253 1864 317 κρατί-

284 340 401 395 στη·
464 327 584 379 ὅκου
622 326 996 398 Τριτανταίχμῃ
1037 330 1108 398 τῷ
1147 325 1468 395 Ἀρταβάζου
1509 326 1563 377 ἐκ
1602 326 1876 389 βασιλέως

282 407 456 473 ἔχοντι
481 407 569 458 τὸν
598 406 753 472 νομὸν
778 409 977 464 τοῦτον,
1007 404 1252 474 ἀργυρίου
1277 404 1371 471 μὲν
1396 401 1614 473 προσῄει
1648 406 1875 467 ἑκάστης

282 482 468 553 ἡμέρης
506 484 703 554 ἀρτάβη
743 482 925 552 μεστή·
970 481 1002 549 ἡ
1036 483 1090 535 δέ
1123 482 1340 553 ἀρτάβη,
1377 482 1563 552 μέτρον
1602 482 1686 533 ἐὸν
1729 489 1872 552 Περ-

284 563 449 623 σικὸν,
484 563 667 632 χωρέει
712 562 953 630 μεδίμνου
994 558 1226 626 Ἀττικῆς
1270 562 1451 613 πλεῖον
1493 558 1684 628 χοίνιξι
1727 561 1876 630 τρισὶ

239 637 562 707 ιἈττικῇσι.
630 637 777 693 ἵπποι
824 638 883 691 δέ
922 639 972 689 οἶ
1017 638 1172 691 αὐτοῦ
1217 635 1352 704 ἦσαν
1397 638 1516 704 ἰδίῃ,
1557 638 1726 707 πάρεξ
1771 643 1876 689 τῶν

284 717 714 787 πολεμιστηρίων,
745 718 796 768 οἶ
826 717 919 784 μὲν
953 716 1311 781 ἀναβαίνοντες
1345 717 1435 771 τὰς
1475 716 1677 783 θηλέας,
1709 716 1872 768 ὀκτα-

284 797 470 847 κόσιοι·
534 796 586 846 αἱ
640 794 695 846 δέ
748 796 1060 862 βαινόμεναι,
1119 793 1463 862 ἑξακισχίλιαι
1523 794 1605 845 καὶ
1665 791 1870 863 μύριαι.

282 872 515 934 ἀνέβαινε
539 872 640 941 γὰρ
663 871 877 926 ἕκαστος
892 877 994 925 τῶν
1014 872 1236 942 ἐρσένων
1255 869 1448 924 τούτων
1467 869 1632 923 ε’ίκοσι
1651 869 1868 926 ἵππους.

241 962 265 1001 5
286 954 443 1002 κυνῶν
470 950 525 1002 δὲ
550 948 772 1003 ’Ῑνδικῶν
797 954 1020 1003 τοσοῦτο
1049 948 1109 1017 δή
1137 971 1187 1002 τι
1213 950 1410 1017 πλῆθος
1439 949 1700 1020 ἐτρέφετο,
1727 951 1876 1003 ὥστε

284 1026 531 1098 τέσσερες
568 1033 669 1080 τῶν
704 1029 758 1081 ἐν
793 1030 865 1101 τῷ
890 1028 1048 1099 πεδίῳ
1083 1032 1244 1096 κῶμαι
1279 1030 1516 1099 μεγάλαι,
1551 1032 1650 1079 τῶν
1684 1028 1875 1080 ἄλλων

285 1105 463 1157 ἐοῦσαι
490 1106 711 1168 ἀτελέες,
740 1109 881 1159 τοῖσι
921 1106 1043 1159 κυσὶ
1069 1108 1484 1176 προσετετάχατο
1527 1105 1667 1158 σιτία
1703 1107 1870 1176 παρέ·

283 1204 412 1252 χειν.
456 1187 665 1236 τοιαῦτα
703 1185 795 1251 μὲν
833 1190 905 1258 τῷ
936 1184 1147 1255 ἄρχοντι
1187 1186 1276 1251 τῆς
1318 1187 1622 1257 Βαβυλῶνος
1662 1184 1872 1254 ὑπῆρχε

153 1258 263 1313 193
286 1262 451 1315 ἐόντα.
692 1261 760 1314 ‘H
786 1263 841 1315 δὲ
867 1265 933 1333 γῆ
961 1267 1062 1315 τῶν
1085 1261 1382 1331 Ἀσσυρίων
1402 1259 1540 1314 ὕεται
1565 1262 1656 1331 μὲν
1677 1262 1868 1333 ὀλίγῳ,

286 1340 367 1393 καὶ
393 1342 452 1393 τὸ
480 1339 727 1411 ἐκτρέφον
752 1340 844 1408 τὴν
868 1339 1012 1409 ῥίζαν
1047 1344 1140 1393 τοῦ
1169 1340 1318 1392 σίτου
1355 1341 1470 1393 ἐστὶ
1496 1343 1666 1393 τοῦτο.
1708 1340 1870 1411 ἀρδό-

285 1440 436 1487 μενον
472 1418 644 1486 μέντοι
698 1418 752 1471 ἐκ
791 1422 882 1470 τοῦ
920 1421 1155 1486 ποταμοῦ
1195 1415 1461 1489 ἁδρύνεταί
1499 1439 1556 1471 τε
1592 1419 1653 1470 τὸ
1691 1417 1868 1485 λήϊον,

286 1498 368 1549 καὶ
392 1496 719 1566 παραγίνεται
741 1500 768 1549 ὁ
792 1499 953 1551 σῖτος·
999 1497 1078 1557 οὗ,
1103 1498 1324 1567 κατάπερ
1346 1497 1400 1548 ἐν
1425 1494 1682 1567 Αἰγύπτῳ,
1706 1496 1871 1550 αὐτοῦ

288 1578 380 1627 τοῦ
407 1579 638 1642 ποταμοῦ
678 1575 1038 1637 ἀναβαίνοντος
1066 1575 1117 1629 ἐς
1151 1575 1243 1628 τὰς
1270 1572 1505 1644 ἀρούρας,
1537 1574 1676 1626 ἀλλὰ
1705 1578 1874 1644 χερσί

244 1662 267 1701 2
290 1674 347 1705 τε
373 1654 455 1705 καὶ
490 1648 818 1720 κηλωνηΐοισι
854 1654 1146 1720 ἀρδόμενος.
1191 1650 1220 1719 ἡ
1249 1653 1348 1721 γὰρ
1377 1652 1678 1719 Βαβυλωνίη
1717 1655 1869 1725 χώρη

286 1732 449 1791 πᾶσα,
481 1733 701 1801 κατάπερ
741 1730 771 1797 ἡ
805 1730 1073 1799 Αἰγυπτίη,
1105 1730 1464 1797 κατατέτμηται
1503 1730 1554 1783 ἐς
1591 1732 1867 1799 διώρυχας·

286 1807 366 1859 καὶ
402 1807 431 1873 ἡ
467 1809 686 1878 μεγίστη
721 1814 823 1861 τῶν
862 1806 1126 1878 διωρύχων
1162 1809 1276 1860 ἐστὶ
1317 1808 1698 1877 νηυσιπέρητος.
1735 1812 1868 1879 πρὸς
1970 1868 1971 1881 ¹

286 1884 434 1951 ἥλιον
473 1887 781 1955 τετραμμένη
822 1888 911 1940 τὸν
948 1889 1250 1956 χειμερινόν·
1310 1886 1483 1954 ἐσέχει
1519 1887 1576 1939 δὲ
1613 1887 1666 1940 ἐς
1700 1886 1874 1941 ἄλλον

282 1963 512 2029 ποταμὸν
540 1963 593 2015 ἐκ
620 1968 711 2015 τοῦ
738 1963 1040 2035 Εὐφρήτεω,
1064 1965 1116 2019 ἐς
1140 1966 1230 2017 τὸν
1256 1963 1448 2034 Τίγριν,
1477 1962 1596 2033 παρ’
1625 1962 1683 2016 ὃν
1710 1968 1872 2020 Νῖνος

244 2050 268 2091 8
287 2042 438 2093 πόλις
483 2037 672 2108 οἴκητο.
717 2044 831 2095 ἔστι
884 2044 939 2095 δὲ
984 2043 1194 2112 χωρέων
1239 2039 1362 2108 αὕτη
1407 2042 1647 2095 ἁπασέων
1687 2046 1875 2117 μακρῷ

245 2117 489 2188 4ἀρίστη,
520 2124 619 2171 τῶν
645 2118 784 2187 ἡμεῖς
808 2118 969 2189 ἴδμεν,
993 2117 1259 2190 Δήμητρος
1285 2122 1476 2190 καρπὸν
1503 2121 1759 2189 ἐκφερειν.
1809 2123 1878 2175 τὰ

286 2196 383 2267 γὰρ
412 2197 472 2264 δὴ
500 2198 639 2250 ἄλλα
666 2198 872 2267 δένδρεα
898 2199 1016 2252 οὐδὲ
1051 2199 1282 2267 πειρᾶται
1324 2198 1488 2267 ἀρχὴν
1519 2198 1716 2267 φέρειν,
1748 2203 1878 2253 οὔτε

286 2275 489 2340 συκέην,
519 2278 636 2327 οὔτε
676 2276 921 2343 ἄμπελον,
950 2278 1068 2328 οὔτε
1108 2275 1300 2342 ἐλαίην·
1345 2278 1434 2328 τὸν
1469 2277 1523 2329 δὲ
1559 2276 1648 2343 τὴς
1691 2276 1874 2345 Δημη-

285 2371 406 2419 τρος
432 2354 623 2421 καρπὸν
650 2352 747 2405 ὧδε
778 2353 939 2422 ἀγαθὴ
978 2354 1214 2423 ἐκφέρειν
1249 2354 1381 2413 ἐστὶ,
1413 2354 1550 2407 ὥστε
1581 2354 1666 2407 ἐπὶ
1695 2356 1875 2422 διηκό-

287 2446 378 2475 σια
414 2429 507 2491 μὲν
548 2431 606 2480 τὸ
646 2431 883 2497 παράπαν
922 2431 1176 2483 ἀποδιδοῖ·
1221 2431 1372 2483 ἐπεὰν
1413 2432 1468 2484 δὲ
1509 2432 1697 2502 ἄριστα
1739 2434 1878 2502 αὐτὴ

248 2501 473 2566 ῧὲωυτῆς
524 2505 701 2571 ἐνείκῃ,
747 2507 830 2557 ἐπὶ
872 2510 1136 2577 τριηκόσια
1188 2509 1410 2579 ἐκφέρει.
1467 2511 1531 2561 τὰ
1577 2511 1632 2562 δὲ
1681 2510 1882 2579 φύλλα

286 2574 459 2626 αὐτόθι
486 2584 585 2631 τῶν
610 2602 665 2632 τε
692 2586 865 2651 πυρῶν
890 2585 972 2635 καὶ
999 2590 1098 2638 τῶν
1125 2585 1336 2655 κριθέων
1361 2588 1420 2639 τὸ
1447 2589 1645 2642 πλάτος
1669 2588 1884 2660 γίνεται
