<?xml version="1.0" encoding="UTF-8"?>
<!DOCTYPE html PUBLIC "-//W3C//DTD XHTML 1.0 Transitional//EN"
    "http://www.w3.org/TR/xhtml1/DTD/xhtml1-transitional.dtd">
<html xmlns="http://www.w3.org/1999/xhtml" xml:lang="en" lang="en">
 <head>
  <title>
</title>
<meta http-equiv="Content-Type" content="text/html;charset=utf-8" />
  <meta name='ocr-system' content='tesseract 3.04.00' />
  <meta name='ocr-capabilities' content='ocr_page ocr_carea ocr_par ocr_line ocrx_word'/>
</head>
<body>
  <div class='ocr_page' id='page_1' title='image "./herodotihistori00westgoog_0397.png"; bbox 0 0 1975 2892; ppageno 0'>
   <div class='ocr_carea' id='block_1_1' title="bbox 20 111 1658 252">
    <p class='ocr_par' dir='ltr' id='par_1_1' title="bbox 20 111 1658 252">
     <span class='ocr_line' id='line_1_1' title="bbox 20 111 1658 202; baseline 0 -14"><span class='ocrx_word' id='word_1_1' title='bbox 20 185 22 188; x_wconf 77' lang='grc'>,</span> <span class='ocrx_word' id='word_1_2' title='bbox 387 141 1094 188; x_wconf 76' lang='grc' dir='ltr'>ΜΕΛΠΟΜΕΝΗ.-Π.</span> <span class='ocrx_word' id='word_1_3' title='bbox 1128 143 1333 202; x_wconf 85' lang='lat'>98-103.</span> <span class='ocrx_word' id='word_1_4' title='bbox 1514 111 1658 189; x_wconf 51' lang='lat'><strong>&#39;353</strong></span> 
     </span>
     <span class='ocr_line' id='line_1_2' title="bbox 66 204 450 252; baseline 0.013 -11"><span class='ocrx_word' id='word_1_5' title='bbox 66 205 131 242; x_wconf 85' lang='lat' dir='ltr'>Ol.</span> <span class='ocrx_word' id='word_1_6' title='bbox 153 205 212 243; x_wconf 77' lang='grc'>66.</span> <span class='ocrx_word' id='word_1_7' title='bbox 235 204 370 244; x_wconf 76' lang='grc'><strong>2-68-</strong></span> <span class='ocrx_word' id='word_1_8' title='bbox 391 205 450 252; x_wconf 80' lang='grc'>2.]</span> 
     </span>
    </p>
   </div>
   <div class='ocr_carea' id='block_1_2' title="bbox 21 260 1791 2724">
    <p class='ocr_par' dir='ltr' id='par_1_2' title="bbox 21 260 1785 1188">
     <span class='ocr_line' id='line_1_3' title="bbox 75 260 1657 331; baseline 0.001 -19"><span class='ocrx_word' id='word_1_9' title='bbox 75 266 168 314; x_wconf 87' lang='grc' dir='ltr'>τοῦ</span> <span class='ocrx_word' id='word_1_10' title='bbox 207 283 262 313; x_wconf 92' lang='grc' dir='ltr'>τε</span> <span class='ocrx_word' id='word_1_11' title='bbox 302 263 574 329; x_wconf 87' lang='grc' dir='ltr'>Βοσπόρου</span> <span class='ocrx_word' id='word_1_12' title='bbox 609 263 702 311; x_wconf 90' lang='grc' dir='ltr'>τοῦ</span> <span class='ocrx_word' id='word_1_13' title='bbox 737 260 1019 329; x_wconf 74' lang='grc' dir='ltr'>Κιμμερίου</span> <span class='ocrx_word' id='word_1_14' title='bbox 1049 261 1115 311; x_wconf 81' lang='grc' dir='ltr'>τὰ</span> <span class='ocrx_word' id='word_1_15' title='bbox 1148 261 1278 330; x_wconf 85' lang='grc' dir='ltr'>πρὸς</span> <span class='ocrx_word' id='word_1_16' title='bbox 1304 261 1541 331; x_wconf 79' lang='grc' dir='ltr'>ἑσπέρης,</span> <span class='ocrx_word' id='word_1_17' title='bbox 1573 261 1657 314; x_wconf 73' lang='grc' dir='ltr'>καὶ</span> 
     </span>
     <span class='ocr_line' id='line_1_4' title="bbox 75 335 1655 407; baseline 0.001 -16"><span class='ocrx_word' id='word_1_18' title='bbox 75 343 165 407; x_wconf 90' lang='grc' dir='ltr'>τῆς</span> <span class='ocrx_word' id='word_1_19' title='bbox 201 339 382 406; x_wconf 79' lang='grc' dir='ltr'>λίμνης</span> <span class='ocrx_word' id='word_1_20' title='bbox 409 340 499 404; x_wconf 81' lang='grc' dir='ltr'>τῆς</span> <span class='ocrx_word' id='word_1_21' title='bbox 535 335 829 404; x_wconf 77' lang='grc' dir='ltr'>Μαιήτιδος,</span> <span class='ocrx_word' id='word_1_22' title='bbox 859 339 1013 407; x_wconf 88' lang='grc' dir='ltr'>μέχρι</span> <span class='ocrx_word' id='word_1_23' title='bbox 1051 339 1293 392; x_wconf 82' lang='grc' dir='ltr'>Τανάῖδος</span> <span class='ocrx_word' id='word_1_24' title='bbox 1318 343 1568 407; x_wconf 89' lang='grc' dir='ltr'>ποταμοῦ,</span> <span class='ocrx_word' id='word_1_25' title='bbox 1598 338 1655 394; x_wconf 82' lang='grc' dir='ltr'>ὃς</span> 
     </span>
     <span class='ocr_line' id='line_1_5' title="bbox 76 414 1701 485; baseline 0 -17"><span class='ocrx_word' id='word_1_26' title='bbox 76 418 268 469; x_wconf 83' lang='grc' dir='ltr'>ἐκδιδοῖ</span> <span class='ocrx_word' id='word_1_27' title='bbox 292 417 344 470; x_wconf 80' lang='grc' dir='ltr'>ἐς</span> <span class='ocrx_word' id='word_1_28' title='bbox 377 416 542 484; x_wconf 87' lang='grc' dir='ltr'>μυχὸν</span> <span class='ocrx_word' id='word_1_29' title='bbox 568 417 657 482; x_wconf 83' lang='grc' dir='ltr'>τῆς</span> <span class='ocrx_word' id='word_1_30' title='bbox 690 415 872 483; x_wconf 80' lang='grc' dir='ltr'>λίμνης</span> <span class='ocrx_word' id='word_1_31' title='bbox 898 415 1099 481; x_wconf 79' lang='grc' dir='ltr'>ταύτης.</span> <span class='ocrx_word' id='word_1_32' title='bbox 1170 414 1311 482; x_wconf 83' lang='grc' dir='ltr'>Ἤδη</span> <span class='ocrx_word' id='word_1_33' title='bbox 1340 415 1409 469; x_wconf 78' lang='grc' dir='ltr'>ὧν</span> <span class='ocrx_word' id='word_1_34' title='bbox 1435 417 1535 470; x_wconf 78' lang='grc' dir='ltr'>ἀπὸ</span> <span class='ocrx_word' id='word_1_35' title='bbox 1562 417 1701 485; x_wconf 70' lang='grc' dir='ltr'>μὲνΞ</span> 
     </span>
     <span class='ocr_line' id='line_1_6' title="bbox 62 492 1652 564; baseline -0.001 -17"><span class='ocrx_word' id='word_1_36' title='bbox 62 493 300 564; x_wconf 78' lang='grc' dir='ltr'>Ἴστρου,</span> <span class='ocrx_word' id='word_1_37' title='bbox 329 495 392 546; x_wconf 84' lang='grc' dir='ltr'>τὰ</span> <span class='ocrx_word' id='word_1_38' title='bbox 419 492 699 562; x_wconf 87' lang='grc' dir='ltr'>κατύπερθε</span> <span class='ocrx_word' id='word_1_39' title='bbox 735 493 787 547; x_wconf 82' lang='grc' dir='ltr'>ἐς</span> <span class='ocrx_word' id='word_1_40' title='bbox 813 493 904 560; x_wconf 88' lang='grc' dir='ltr'>τὴν</span> <span class='ocrx_word' id='word_1_41' title='bbox 936 496 1217 564; x_wconf 83' lang='grc' dir='ltr'>μεσόγαιαν</span> <span class='ocrx_word' id='word_1_42' title='bbox 1252 494 1495 563; x_wconf 88' lang='grc' dir='ltr'>φέροντα,</span> <span class='ocrx_word' id='word_1_43' title='bbox 1524 495 1652 548; x_wconf 54' lang='grc' dir='ltr'>ἄπο*</span> 
     </span>
     <span class='ocr_line' id='line_1_7' title="bbox 76 568 1652 642; baseline 0.001 -18"><span class='ocrx_word' id='word_1_44' title='bbox 76 568 303 640; x_wconf 84' lang='grc' dir='ltr'>κληΐεται</span> <span class='ocrx_word' id='word_1_45' title='bbox 335 572 364 639; x_wconf 82' lang='grc' dir='ltr'><strong><em>ἦ</em></strong></span> <span class='ocrx_word' id='word_1_46' title='bbox 403 570 614 638; x_wconf 84' lang='grc' dir='ltr'>Σκυθικὴ</span> <span class='ocrx_word' id='word_1_47' title='bbox 643 571 742 624; x_wconf 83' lang='grc' dir='ltr'>ὑπὸ</span> <span class='ocrx_word' id='word_1_48' title='bbox 777 573 993 641; x_wconf 84' lang='grc' dir='ltr'>πρώτων</span> <span class='ocrx_word' id='word_1_49' title='bbox 1024 569 1377 642; x_wconf 79' lang='grc' dir='ltr'>Ἀγαθύρσων·</span> <span class='ocrx_word' id='word_1_50' title='bbox 1422 573 1549 640; x_wconf 76' lang='grc' dir='ltr'>μετὰ</span> <span class='ocrx_word' id='word_1_51' title='bbox 1576 573 1652 633; x_wconf 75' lang='grc' dir='ltr'>δὲ,</span> 
     </span>
     <span class='ocr_line' id='line_1_8' title="bbox 75 648 1651 720; baseline -0.001 -17"><span class='ocrx_word' id='word_1_52' title='bbox 75 655 302 720; x_wconf 83' lang='grc' dir='ltr'>Νευρῶν·</span> <span class='ocrx_word' id='word_1_53' title='bbox 380 651 553 702; x_wconf 81' lang='grc' dir='ltr'>ἔπειτα</span> <span class='ocrx_word' id='word_1_54' title='bbox 613 649 687 710; x_wconf 77' lang='grc' dir='ltr'>δὲ,</span> <span class='ocrx_word' id='word_1_55' title='bbox 747 648 1135 720; x_wconf 82' lang='grc' dir='ltr'>Ἀνδροφάγων·</span> <span class='ocrx_word' id='word_1_56' title='bbox 1212 651 1517 704; x_wconf 82' lang='grc' dir='ltr'>τελευταίων</span> <span class='ocrx_word' id='word_1_57' title='bbox 1576 650 1651 711; x_wconf 77' lang='grc' dir='ltr'>δὲ,</span> 
     </span>
     <span class='ocr_line' id='line_1_9' title="bbox 76 723 1785 798; baseline 0.001 -17"><span class='ocrx_word' id='word_1_58' title='bbox 76 728 506 798; x_wconf 85' lang='grc' dir='ltr'>Μελαγχλαίνων.</span> <span class='ocrx_word' id='word_1_59' title='bbox 721 725 882 781; x_wconf 77' lang='grc' dir='ltr'>’Ἐστι</span> <span class='ocrx_word' id='word_1_60' title='bbox 904 726 972 780; x_wconf 82' lang='grc' dir='ltr'>ὧν</span> <span class='ocrx_word' id='word_1_61' title='bbox 992 730 1081 794; x_wconf 88' lang='grc' dir='ltr'>τῆς</span> <span class='ocrx_word' id='word_1_62' title='bbox 1102 727 1359 795; x_wconf 82' lang='grc' dir='ltr'>Σκυθικῆς,</span> <span class='ocrx_word' id='word_1_63' title='bbox 1380 728 1447 781; x_wconf 81' lang='grc' dir='ltr'>ὣς</span> <span class='ocrx_word' id='word_1_64' title='bbox 1468 725 1652 794; x_wconf 82' lang='grc' dir='ltr'>ἐούσης</span> <span class='ocrx_word' id='word_1_65' title='bbox 1682 723 1785 782; x_wconf 76' lang='lat'>10]-</span> 
     </span>
     <span class='ocr_line' id='line_1_10' title="bbox 73 803 1651 876; baseline 0.002 -20"><span class='ocrx_word' id='word_1_66' title='bbox 73 809 409 876; x_wconf 86' lang='grc' dir='ltr'>τετραγώνου,</span> <span class='ocrx_word' id='word_1_67' title='bbox 440 809 540 857; x_wconf 82' lang='grc' dir='ltr'>τῶν</span> <span class='ocrx_word' id='word_1_68' title='bbox 576 803 666 858; x_wconf 86' lang='grc' dir='ltr'>δύο</span> <span class='ocrx_word' id='word_1_69' title='bbox 701 806 896 876; x_wconf 83' lang='grc' dir='ltr'>μερέων</span> <span class='ocrx_word' id='word_1_70' title='bbox 930 809 1243 872; x_wconf 84' lang='grc' dir='ltr'>κατηκόντων</span> <span class='ocrx_word' id='word_1_71' title='bbox 1280 806 1332 860; x_wconf 87' lang='grc' dir='ltr'>ε’ς</span> <span class='ocrx_word' id='word_1_72' title='bbox 1359 805 1651 867; x_wconf 87' lang='grc' dir='ltr'>θάλασσαν,</span> 
     </span>
     <span class='ocr_line' id='line_1_11' title="bbox 71 882 1653 954; baseline -0.001 -16"><span class='ocrx_word' id='word_1_73' title='bbox 71 887 235 952; x_wconf 89' lang='grc' dir='ltr'>πάντη</span> <span class='ocrx_word' id='word_1_74' title='bbox 261 882 382 937; x_wconf 78' lang='grc' dir='ltr'>’ίσον</span> <span class='ocrx_word' id='word_1_75' title='bbox 405 885 466 936; x_wconf 91' lang='grc' dir='ltr'>τό</span> <span class='ocrx_word' id='word_1_76' title='bbox 491 904 546 934; x_wconf 89' lang='grc' dir='ltr'>τε</span> <span class='ocrx_word' id='word_1_77' title='bbox 573 884 625 938; x_wconf 83' lang='grc' dir='ltr'>ἐς</span> <span class='ocrx_word' id='word_1_78' title='bbox 659 883 750 949; x_wconf 81' lang='grc' dir='ltr'>τὴν</span> <span class='ocrx_word' id='word_1_79' title='bbox 782 885 1065 953; x_wconf 88' lang='grc' dir='ltr'>μεσόγαιαν</span> <span class='ocrx_word' id='word_1_80' title='bbox 1101 883 1281 953; x_wconf 82' lang='grc' dir='ltr'>φέρον,</span> <span class='ocrx_word' id='word_1_81' title='bbox 1314 884 1394 935; x_wconf 86' lang='grc' dir='ltr'>καὶ</span> <span class='ocrx_word' id='word_1_82' title='bbox 1430 885 1488 936; x_wconf 83' lang='grc' dir='ltr'>τὸ</span> <span class='ocrx_word' id='word_1_83' title='bbox 1514 885 1653 954; x_wconf 80' lang='grc' dir='ltr'>παρὰ</span> 
     </span>
     <span class='ocr_line' id='line_1_12' title="bbox 72 959 1695 1031; baseline 0.001 -16"><span class='ocrx_word' id='word_1_84' title='bbox 72 964 165 1030; x_wconf 87' lang='grc' dir='ltr'>τὴν</span> <span class='ocrx_word' id='word_1_85' title='bbox 202 963 494 1014; x_wconf 87' lang='grc' dir='ltr'>θάλασσαν.</span> <span class='ocrx_word' id='word_1_86' title='bbox 538 961 638 1014; x_wconf 80' lang='grc' dir='ltr'>ἀπὸ</span> <span class='ocrx_word' id='word_1_87' title='bbox 672 961 772 1031; x_wconf 79' lang='grc' dir='ltr'>γὰρ</span> <span class='ocrx_word' id='word_1_88' title='bbox 796 959 1015 1031; x_wconf 79' lang='grc' dir='ltr'>Ἴστρου</span> <span class='ocrx_word' id='word_1_89' title='bbox 1050 962 1135 1014; x_wconf 84' lang='grc' dir='ltr'>ε’πὶ</span> <span class='ocrx_word' id='word_1_90' title='bbox 1178 960 1497 1031; x_wconf 86' lang='grc' dir='ltr'>Βορυσθένεα</span> <span class='ocrx_word' id='word_1_91' title='bbox 1533 963 1652 1014; x_wconf 87' lang='grc' dir='ltr'>δέκα</span> <span class='ocrx_word' id='word_1_92' title='bbox 1669 976 1695 1016; x_wconf 77' lang='lat'>2</span> 
     </span>
     <span class='ocr_line' id='line_1_13' title="bbox 21 1038 1653 1110; baseline -0.003 -14"><span class='ocrx_word' id='word_1_93' title='bbox 21 1091 23 1096; x_wconf 91' lang='lat'><em>.</em></span> <span class='ocrx_word' id='word_1_94' title='bbox 71 1040 298 1110; x_wconf 87' lang='grc' dir='ltr'>ἡμερέων</span> <span class='ocrx_word' id='word_1_95' title='bbox 337 1041 473 1094; x_wconf 85' lang='grc' dir='ltr'>ὁδός·</span> <span class='ocrx_word' id='word_1_96' title='bbox 516 1039 616 1092; x_wconf 78' lang='grc' dir='ltr'>ἀπὸ</span> <span class='ocrx_word' id='word_1_97' title='bbox 656 1038 999 1109; x_wconf 86' lang='grc' dir='ltr'>Βορυσθένεός</span> <span class='ocrx_word' id='word_1_98' title='bbox 1034 1038 1077 1091; x_wconf 87' lang='grc' dir='ltr'>τ’</span> <span class='ocrx_word' id='word_1_99' title='bbox 1108 1039 1191 1092; x_wconf 83' lang='grc' dir='ltr'>ἐπὶ</span> <span class='ocrx_word' id='word_1_100' title='bbox 1227 1039 1317 1106; x_wconf 88' lang='grc' dir='ltr'>τὴν</span> <span class='ocrx_word' id='word_1_101' title='bbox 1351 1040 1535 1106; x_wconf 86' lang='grc' dir='ltr'>λίμνην</span> <span class='ocrx_word' id='word_1_102' title='bbox 1560 1039 1653 1107; x_wconf 86' lang='grc' dir='ltr'>τὴν</span> 
     </span>
     <span class='ocr_line' id='line_1_14' title="bbox 73 1117 1649 1188; baseline -0.001 -17"><span class='ocrx_word' id='word_1_103' title='bbox 73 1121 312 1186; x_wconf 82' lang='grc' dir='ltr'>Μαιῆτιν,</span> <span class='ocrx_word' id='word_1_104' title='bbox 342 1119 525 1188; x_wconf 83' lang='grc' dir='ltr'>ἑτέρων</span> <span class='ocrx_word' id='word_1_105' title='bbox 561 1117 696 1170; x_wconf 88' lang='grc' dir='ltr'>δέκα·</span> <span class='ocrx_word' id='word_1_106' title='bbox 743 1117 824 1169; x_wconf 81' lang='grc' dir='ltr'>καὶ</span> <span class='ocrx_word' id='word_1_107' title='bbox 858 1118 917 1169; x_wconf 88' lang='grc' dir='ltr'>τὸ</span> <span class='ocrx_word' id='word_1_108' title='bbox 954 1117 1058 1169; x_wconf 84' lang='grc' dir='ltr'>ἀπὸ</span> <span class='ocrx_word' id='word_1_109' title='bbox 1096 1117 1367 1183; x_wconf 85' lang='grc' dir='ltr'>θαλάσσης</span> <span class='ocrx_word' id='word_1_110' title='bbox 1403 1117 1454 1170; x_wconf 84' lang='grc' dir='ltr'>ἐς</span> <span class='ocrx_word' id='word_1_111' title='bbox 1487 1120 1649 1184; x_wconf 84' lang='grc' dir='ltr'>μεσό-</span> 
     </span>
    </p>

    <p class='ocr_par' dir='ltr' id='par_1_3' title="bbox 21 1194 1697 1652">
     <span class='ocr_line' id='line_1_15' title="bbox 21 1194 1653 1268; baseline 0 -20"><span class='ocrx_word' id='word_1_112' title='bbox 21 1225 23 1230; x_wconf 93' lang='grc'><strong><em>·</em></strong></span> <span class='ocrx_word' id='word_1_113' title='bbox 70 1218 224 1268; x_wconf 90' lang='grc' dir='ltr'>γαιαν</span> <span class='ocrx_word' id='word_1_114' title='bbox 249 1197 301 1250; x_wconf 84' lang='grc' dir='ltr'>ἐς</span> <span class='ocrx_word' id='word_1_115' title='bbox 335 1195 454 1250; x_wconf 83' lang='grc' dir='ltr'>τοὺς</span> <span class='ocrx_word' id='word_1_116' title='bbox 489 1195 916 1265; x_wconf 87' lang='grc' dir='ltr'>Μελαγχλαίνους</span> <span class='ocrx_word' id='word_1_117' title='bbox 951 1196 1071 1248; x_wconf 83' lang='grc' dir='ltr'>τοὺς</span> <span class='ocrx_word' id='word_1_118' title='bbox 1108 1194 1387 1264; x_wconf 86' lang='grc' dir='ltr'>κατύπερθε</span> <span class='ocrx_word' id='word_1_119' title='bbox 1422 1195 1653 1248; x_wconf 87' lang='grc' dir='ltr'>Σκυθέων</span> 
     </span>
     <span class='ocr_line' id='line_1_16' title="bbox 71 1270 1697 1342; baseline -0.001 -15"><span class='ocrx_word' id='word_1_120' title='bbox 71 1275 382 1341; x_wconf 82' lang='grc' dir='ltr'>οἰκημένους,</span> <span class='ocrx_word' id='word_1_121' title='bbox 413 1270 576 1326; x_wconf 84' lang='grc' dir='ltr'>ε’ίκοσι</span> <span class='ocrx_word' id='word_1_122' title='bbox 611 1272 834 1342; x_wconf 85' lang='grc' dir='ltr'>ἡμερέων</span> <span class='ocrx_word' id='word_1_123' title='bbox 861 1274 997 1326; x_wconf 87' lang='grc' dir='ltr'>ὁδός.</span> <span class='ocrx_word' id='word_1_124' title='bbox 1040 1273 1070 1339; x_wconf 85' lang='grc' dir='ltr'>ἦ</span> <span class='ocrx_word' id='word_1_125' title='bbox 1109 1275 1165 1326; x_wconf 78' lang='grc' dir='ltr'>δὲ</span> <span class='ocrx_word' id='word_1_126' title='bbox 1200 1274 1318 1328; x_wconf 86' lang='grc' dir='ltr'>ὁδὸς</span> <span class='ocrx_word' id='word_1_127' title='bbox 1344 1273 1372 1340; x_wconf 85' lang='grc' dir='ltr'><em>ἦ</em></span> <span class='ocrx_word' id='word_1_128' title='bbox 1402 1272 1649 1342; x_wconf 83' lang='grc' dir='ltr'>ἡμερησίη</span> <span class='ocrx_word' id='word_1_129' title='bbox 1670 1291 1697 1330; x_wconf 73' lang='lat'><em>8</em></span> 
     </span>
     <span class='ocr_line' id='line_1_17' title="bbox 71 1348 1651 1419; baseline -0.001 -13"><span class='ocrx_word' id='word_1_130' title='bbox 71 1354 168 1406; x_wconf 82' lang='grc' dir='ltr'>ἀνὰ</span> <span class='ocrx_word' id='word_1_131' title='bbox 196 1353 428 1418; x_wconf 85' lang='grc' dir='ltr'>διηκόσια</span> <span class='ocrx_word' id='word_1_132' title='bbox 457 1351 642 1404; x_wconf 85' lang='grc' dir='ltr'>στάδια</span> <span class='ocrx_word' id='word_1_133' title='bbox 679 1351 1041 1418; x_wconf 86' lang='grc' dir='ltr'>συμβέβληταί</span> <span class='ocrx_word' id='word_1_134' title='bbox 1064 1372 1167 1419; x_wconf 88' lang='grc' dir='ltr'>μοι.</span> <span class='ocrx_word' id='word_1_135' title='bbox 1212 1348 1345 1402; x_wconf 80' lang='grc' dir='ltr'>οὕτω</span> <span class='ocrx_word' id='word_1_136' title='bbox 1373 1351 1434 1402; x_wconf 88' lang='grc' dir='ltr'>ἂν</span> <span class='ocrx_word' id='word_1_137' title='bbox 1460 1348 1534 1417; x_wconf 78' lang='grc' dir='ltr'>ε’ίη</span> <span class='ocrx_word' id='word_1_138' title='bbox 1562 1353 1651 1418; x_wconf 88' lang='grc' dir='ltr'>τῆς</span> 
     </span>
     <span class='ocr_line' id='line_1_18' title="bbox 74 1426 1657 1498; baseline -0.003 -14"><span class='ocrx_word' id='word_1_139' title='bbox 74 1429 317 1497; x_wconf 84' lang='grc' dir='ltr'>Σκυθικῆς</span> <span class='ocrx_word' id='word_1_140' title='bbox 343 1430 406 1481; x_wconf 79' lang='grc' dir='ltr'>τὰ</span> <span class='ocrx_word' id='word_1_141' title='bbox 434 1429 720 1498; x_wconf 84' lang='grc' dir='ltr'>ἐπικάρσια,</span> <span class='ocrx_word' id='word_1_142' title='bbox 740 1428 1167 1498; x_wconf 86' lang='grc' dir='ltr'>τετρακισχιλίων</span> <span class='ocrx_word' id='word_1_143' title='bbox 1196 1428 1435 1480; x_wconf 86' lang='grc' dir='ltr'>σταδίων·</span> <span class='ocrx_word' id='word_1_144' title='bbox 1480 1426 1562 1479; x_wconf 82' lang='grc' dir='ltr'>καὶ</span> <span class='ocrx_word' id='word_1_145' title='bbox 1588 1429 1657 1481; x_wconf 83' lang='grc' dir='ltr'>τὰ</span> 
     </span>
     <span class='ocr_line' id='line_1_19' title="bbox 73 1503 1653 1578; baseline -0.001 -18"><span class='ocrx_word' id='word_1_146' title='bbox 73 1508 239 1578; x_wconf 79' lang='grc' dir='ltr'>ὄρθια,</span> <span class='ocrx_word' id='word_1_147' title='bbox 267 1509 332 1559; x_wconf 82' lang='grc' dir='ltr'>τὰ</span> <span class='ocrx_word' id='word_1_148' title='bbox 367 1508 419 1560; x_wconf 79' lang='grc' dir='ltr'>ἐς</span> <span class='ocrx_word' id='word_1_149' title='bbox 453 1506 544 1574; x_wconf 88' lang='grc' dir='ltr'>τὴν</span> <span class='ocrx_word' id='word_1_150' title='bbox 579 1509 860 1575; x_wconf 85' lang='grc' dir='ltr'>μεσόγαιαν</span> <span class='ocrx_word' id='word_1_151' title='bbox 895 1505 1139 1575; x_wconf 90' lang='grc' dir='ltr'>φέροντα,</span> <span class='ocrx_word' id='word_1_152' title='bbox 1170 1505 1353 1574; x_wconf 87' lang='grc' dir='ltr'>έτέρων</span> <span class='ocrx_word' id='word_1_153' title='bbox 1390 1503 1653 1558; x_wconf 78' lang='grc' dir='ltr'>τοσούτων</span> 
     </span>
     <span class='ocr_line' id='line_1_20' title="bbox 77 1580 1529 1652; baseline -0.001 -14"><span class='ocrx_word' id='word_1_154' title='bbox 77 1586 316 1639; x_wconf 86' lang='grc' dir='ltr'>σταδίων.</span> <span class='ocrx_word' id='word_1_155' title='bbox 361 1584 391 1652; x_wconf 87' lang='grc' dir='ltr'><strong><em>ἡ</em></strong></span> <span class='ocrx_word' id='word_1_156' title='bbox 418 1584 510 1651; x_wconf 87' lang='grc' dir='ltr'>μέν</span> <span class='ocrx_word' id='word_1_157' title='bbox 537 1605 624 1636; x_wconf 88' lang='grc' dir='ltr'>νυν</span> <span class='ocrx_word' id='word_1_158' title='bbox 649 1586 714 1652; x_wconf 91' lang='grc' dir='ltr'>γῆ</span> <span class='ocrx_word' id='word_1_159' title='bbox 743 1581 866 1650; x_wconf 78' lang='grc' dir='ltr'>αὕτη</span> <span class='ocrx_word' id='word_1_160' title='bbox 896 1582 1010 1634; x_wconf 87' lang='grc' dir='ltr'>ἐστι</span> <span class='ocrx_word' id='word_1_161' title='bbox 1036 1581 1257 1652; x_wconf 86' lang='grc' dir='ltr'>μέγαθος</span> <span class='ocrx_word' id='word_1_162' title='bbox 1282 1580 1529 1650; x_wconf 81' lang='grc' dir='ltr'>τοσαύτη.</span> 
     </span>
    </p>

    <p class='ocr_par' dir='ltr' id='par_1_4' title="bbox 66 1652 1791 2659">
     <span class='ocr_line' id='line_1_21' title="bbox 153 1652 1786 1728; baseline -0.001 -16"><span class='ocrx_word' id='word_1_163' title='bbox 153 1664 216 1714; x_wconf 79' lang='grc' dir='ltr'>Οί</span> <span class='ocrx_word' id='word_1_164' title='bbox 265 1661 322 1712; x_wconf 83' lang='grc' dir='ltr'>δὲ</span> <span class='ocrx_word' id='word_1_165' title='bbox 370 1658 554 1712; x_wconf 89' lang='grc' dir='ltr'>Σκύθαι</span> <span class='ocrx_word' id='word_1_166' title='bbox 592 1660 766 1712; x_wconf 87' lang='grc' dir='ltr'>δόντες</span> <span class='ocrx_word' id='word_1_167' title='bbox 805 1659 970 1724; x_wconf 86' lang='grc' dir='ltr'>σφίσι</span> <span class='ocrx_word' id='word_1_168' title='bbox 1011 1659 1188 1728; x_wconf 85' lang='grc' dir='ltr'>λόγον,</span> <span class='ocrx_word' id='word_1_169' title='bbox 1230 1657 1297 1712; x_wconf 80' lang='grc' dir='ltr'>ὡς</span> <span class='ocrx_word' id='word_1_170' title='bbox 1338 1659 1427 1710; x_wconf 81' lang='grc' dir='ltr'>οὔκ</span> <span class='ocrx_word' id='word_1_171' title='bbox 1466 1655 1567 1711; x_wconf 86' lang='grc' dir='ltr'>οἷοί</span> <span class='ocrx_word' id='word_1_172' title='bbox 1602 1652 1659 1710; x_wconf 82' lang='grc' dir='ltr'>τέ</span> <span class='ocrx_word' id='word_1_173' title='bbox 1676 1659 1786 1711; x_wconf 83' lang='grc'>102</span> 
     </span>
     <span class='ocr_line' id='line_1_22' title="bbox 66 1734 1657 1804; baseline 0 -17"><span class='ocrx_word' id='word_1_174' title='bbox 66 1736 173 1789; x_wconf 83' lang='grc' dir='ltr'>εἶσι</span> <span class='ocrx_word' id='word_1_175' title='bbox 213 1735 305 1788; x_wconf 85' lang='grc' dir='ltr'>τὸν</span> <span class='ocrx_word' id='word_1_176' title='bbox 345 1736 562 1804; x_wconf 86' lang='grc' dir='ltr'>Δαρείου</span> <span class='ocrx_word' id='word_1_177' title='bbox 601 1734 826 1804; x_wconf 81' lang='grc' dir='ltr'>στρατὸν</span> <span class='ocrx_word' id='word_1_178' title='bbox 864 1735 1101 1804; x_wconf 79' lang='grc' dir='ltr'>ἰθυμαχίῃ</span> <span class='ocrx_word' id='word_1_179' title='bbox 1139 1736 1425 1789; x_wconf 83' lang='grc' dir='ltr'>διώσασθαι</span> <span class='ocrx_word' id='word_1_180' title='bbox 1464 1740 1657 1804; x_wconf 83' lang='grc' dir='ltr'>μοῦνοι,</span> 
     </span>
     <span class='ocr_line' id='line_1_23' title="bbox 74 1809 1651 1880; baseline 0.002 -18"><span class='ocrx_word' id='word_1_181' title='bbox 74 1812 299 1877; x_wconf 79' lang='grc' dir='ltr'>ἔπεμπον</span> <span class='ocrx_word' id='word_1_182' title='bbox 327 1811 378 1864; x_wconf 84' lang='grc' dir='ltr'>ἐς</span> <span class='ocrx_word' id='word_1_183' title='bbox 397 1809 516 1863; x_wconf 85' lang='grc' dir='ltr'>τοὺς</span> <span class='ocrx_word' id='word_1_184' title='bbox 533 1811 930 1879; x_wconf 82' lang='grc' dir='ltr'>πλησιοχώρους</span> <span class='ocrx_word' id='word_1_185' title='bbox 956 1810 1226 1880; x_wconf 81' lang='grc' dir='ltr'>ἀγγέλους·</span> <span class='ocrx_word' id='word_1_186' title='bbox 1270 1815 1370 1862; x_wconf 82' lang='grc' dir='ltr'>τῶν</span> <span class='ocrx_word' id='word_1_187' title='bbox 1397 1811 1451 1863; x_wconf 79' lang='grc' dir='ltr'>δὲ</span> <span class='ocrx_word' id='word_1_188' title='bbox 1480 1811 1561 1864; x_wconf 85' lang='grc' dir='ltr'>καὶ</span> <span class='ocrx_word' id='word_1_189' title='bbox 1588 1812 1651 1879; x_wconf 83' lang='grc' dir='ltr'>δὴ</span> 
     </span>
     <span class='ocr_line' id='line_1_24' title="bbox 74 1885 1648 1959; baseline 0.001 -19"><span class='ocrx_word' id='word_1_190' title='bbox 74 1889 124 1940; x_wconf 83' lang='grc' dir='ltr'>οί</span> <span class='ocrx_word' id='word_1_191' title='bbox 151 1886 397 1952; x_wconf 81' lang='grc' dir='ltr'>βασιλέες</span> <span class='ocrx_word' id='word_1_192' title='bbox 425 1885 758 1941; x_wconf 89' lang='grc' dir='ltr'>συνελθόντες</span> <span class='ocrx_word' id='word_1_193' title='bbox 793 1887 1148 1950; x_wconf 85' lang='grc' dir='ltr'>ἐβουλεύοντο,</span> <span class='ocrx_word' id='word_1_194' title='bbox 1179 1889 1245 1942; x_wconf 81' lang='grc' dir='ltr'>ὡς</span> <span class='ocrx_word' id='word_1_195' title='bbox 1282 1892 1506 1959; x_wconf 91' lang='grc' dir='ltr'>στρατοῦ</span> <span class='ocrx_word' id='word_1_196' title='bbox 1534 1889 1648 1942; x_wconf 87' lang='grc' dir='ltr'>ε’πε-</span> 
     </span>
     <span class='ocr_line' id='line_1_25' title="bbox 72 1962 1697 2034; baseline 0.001 -16"><span class='ocrx_word' id='word_1_197' title='bbox 72 1965 349 2019; x_wconf 86' lang='grc' dir='ltr'>λαύνοντος</span> <span class='ocrx_word' id='word_1_198' title='bbox 378 1966 624 2034; x_wconf 88' lang='grc' dir='ltr'>μεγάλου.</span> <span class='ocrx_word' id='word_1_199' title='bbox 667 1962 802 2032; x_wconf 84' lang='grc' dir='ltr'>ἦσαν</span> <span class='ocrx_word' id='word_1_200' title='bbox 837 1965 891 2018; x_wconf 85' lang='grc' dir='ltr'>δέ</span> <span class='ocrx_word' id='word_1_201' title='bbox 928 1967 976 2017; x_wconf 77' lang='grc' dir='ltr'>οἶ</span> <span class='ocrx_word' id='word_1_202' title='bbox 1014 1966 1349 2021; x_wconf 84' lang='grc' dir='ltr'>συνελθόντες</span> <span class='ocrx_word' id='word_1_203' title='bbox 1383 1967 1649 2030; x_wconf 86' lang='grc' dir='ltr'>βασιλέες,</span> <span class='ocrx_word' id='word_1_204' title='bbox 1673 1980 1697 2019; x_wconf 78' lang='lat'><em>2</em></span> 
     </span>
     <span class='ocr_line' id='line_1_26' title="bbox 73 2040 1649 2114; baseline 0.001 -18"><span class='ocrx_word' id='word_1_205' title='bbox 73 2042 297 2113; x_wconf 84' lang='grc' dir='ltr'>Ταύρων,</span> <span class='ocrx_word' id='word_1_206' title='bbox 323 2043 403 2095; x_wconf 84' lang='grc' dir='ltr'>καὶ</span> <span class='ocrx_word' id='word_1_207' title='bbox 422 2040 773 2112; x_wconf 76' lang='grc' dir='ltr'>Ἀγαθύρσων,</span> <span class='ocrx_word' id='word_1_208' title='bbox 797 2043 878 2094; x_wconf 81' lang='grc' dir='ltr'>καὶ</span> <span class='ocrx_word' id='word_1_209' title='bbox 906 2049 1131 2113; x_wconf 82' lang='grc' dir='ltr'>Νευρῶν,</span> <span class='ocrx_word' id='word_1_210' title='bbox 1155 2045 1237 2096; x_wconf 80' lang='grc' dir='ltr'>καὶ</span> <span class='ocrx_word' id='word_1_211' title='bbox 1261 2043 1649 2114; x_wconf 84' lang='grc' dir='ltr'>Ἀνδροφάγων,</span> 
     </span>
     <span class='ocr_line' id='line_1_27' title="bbox 73 2120 1653 2190; baseline -0.001 -15"><span class='ocrx_word' id='word_1_212' title='bbox 73 2123 157 2175; x_wconf 82' lang='grc' dir='ltr'>καὶ</span> <span class='ocrx_word' id='word_1_213' title='bbox 210 2120 636 2190; x_wconf 83' lang='grc' dir='ltr'>Μελαγχλαίνων,</span> <span class='ocrx_word' id='word_1_214' title='bbox 682 2121 764 2172; x_wconf 80' lang='grc' dir='ltr'>καὶ</span> <span class='ocrx_word' id='word_1_215' title='bbox 816 2122 1075 2184; x_wconf 79' lang='grc' dir='ltr'>Γελωνῶν,</span> <span class='ocrx_word' id='word_1_216' title='bbox 1122 2123 1203 2174; x_wconf 82' lang='grc' dir='ltr'>καὶ</span> <span class='ocrx_word' id='word_1_217' title='bbox 1256 2123 1525 2181; x_wconf 87' lang='grc' dir='ltr'>Βουδίνων,</span> <span class='ocrx_word' id='word_1_218' title='bbox 1571 2124 1653 2174; x_wconf 80' lang='grc' dir='ltr'>καὶ</span> 
     </span>
     <span class='ocr_line' id='line_1_28' title="bbox 72 2196 1791 2269; baseline 0.002 -17"><span class='ocrx_word' id='word_1_219' title='bbox 72 2199 452 2269; x_wconf 87' lang='grc' dir='ltr'>Σαυροματέων.</span> <span class='ocrx_word' id='word_1_220' title='bbox 654 2257 658 2261; x_wconf 20' lang='grc' dir='ltr'><strong><em>Δ</em></strong></span> <span class='ocrx_word' id='word_1_221' title='bbox 694 2196 896 2250; x_wconf 79' lang='grc' dir='ltr'>Τούτων</span> <span class='ocrx_word' id='word_1_222' title='bbox 931 2201 1117 2268; x_wconf 86' lang='grc' dir='ltr'>Ταῦροι</span> <span class='ocrx_word' id='word_1_223' title='bbox 1142 2199 1235 2266; x_wconf 85' lang='grc' dir='ltr'>μὲν</span> <span class='ocrx_word' id='word_1_224' title='bbox 1262 2202 1465 2266; x_wconf 88' lang='grc' dir='ltr'>νόμοισι</span> <span class='ocrx_word' id='word_1_225' title='bbox 1492 2219 1647 2250; x_wconf 88' lang='grc' dir='ltr'>τοιοι-</span> <span class='ocrx_word' id='word_1_226' title='bbox 1678 2199 1791 2256; x_wconf 81' lang='lat'>103</span> 
     </span>
     <span class='ocr_line' id='line_1_29' title="bbox 73 2275 1649 2348; baseline -0.002 -17"><span class='ocrx_word' id='word_1_227' title='bbox 73 2279 190 2331; x_wconf 84' lang='grc' dir='ltr'>σίδε</span> <span class='ocrx_word' id='word_1_228' title='bbox 216 2277 480 2347; x_wconf 90' lang='grc' dir='ltr'>χρέωνται.</span> <span class='ocrx_word' id='word_1_229' title='bbox 525 2275 709 2328; x_wconf 87' lang='grc' dir='ltr'>θύουσι</span> <span class='ocrx_word' id='word_1_230' title='bbox 743 2276 836 2343; x_wconf 83' lang='grc' dir='ltr'>μὲν</span> <span class='ocrx_word' id='word_1_231' title='bbox 871 2279 930 2342; x_wconf 87' lang='grc' dir='ltr'>τῇ</span> <span class='ocrx_word' id='word_1_232' title='bbox 969 2275 1213 2348; x_wconf 76' lang='grc' dir='ltr'>Παρθένῳ</span> <span class='ocrx_word' id='word_1_233' title='bbox 1253 2275 1373 2330; x_wconf 87' lang='grc' dir='ltr'>τούς</span> <span class='ocrx_word' id='word_1_234' title='bbox 1408 2298 1464 2328; x_wconf 91' lang='grc' dir='ltr'>τε</span> <span class='ocrx_word' id='word_1_235' title='bbox 1500 2297 1649 2341; x_wconf 87' lang='grc' dir='ltr'>ναυη-</span> 
     </span>
     <span class='ocr_line' id='line_1_30' title="bbox 70 2352 1650 2427; baseline 0 -20"><span class='ocrx_word' id='word_1_236' title='bbox 70 2355 213 2427; x_wconf 85' lang='grc' dir='ltr'>γοὺς,</span> <span class='ocrx_word' id='word_1_237' title='bbox 269 2355 351 2406; x_wconf 78' lang='grc' dir='ltr'>καὶ</span> <span class='ocrx_word' id='word_1_238' title='bbox 401 2353 520 2408; x_wconf 79' lang='grc' dir='ltr'>τοὺς</span> <span class='ocrx_word' id='word_1_239' title='bbox 572 2354 633 2407; x_wconf 84' lang='grc' dir='ltr'>ἂν</span> <span class='ocrx_word' id='word_1_240' title='bbox 683 2355 894 2417; x_wconf 89' lang='grc' dir='ltr'>λάβωσι</span> <span class='ocrx_word' id='word_1_241' title='bbox 945 2352 1209 2421; x_wconf 80' lang='grc' dir='ltr'>Ἑλλήνων</span> <span class='ocrx_word' id='word_1_242' title='bbox 1261 2353 1650 2422; x_wconf 78' lang='grc' dir='ltr'>ἐπαναχθέντος,</span> 
     </span>
     <span class='ocr_line' id='line_1_31' title="bbox 71 2429 1655 2504; baseline -0.003 -18"><span class='ocrx_word' id='word_1_243' title='bbox 71 2437 246 2504; x_wconf 76' lang='grc' dir='ltr'>τρόπῳ</span> <span class='ocrx_word' id='word_1_244' title='bbox 305 2433 502 2503; x_wconf 76' lang='grc' dir='ltr'>τοιῷδε·</span> <span class='ocrx_word' id='word_1_245' title='bbox 573 2431 954 2501; x_wconf 79' lang='grc' dir='ltr'>καταρξάμενοι,</span> <span class='ocrx_word' id='word_1_246' title='bbox 1016 2429 1230 2504; x_wconf 80' lang='grc' dir='ltr'>ῥοπάλῳ</span> <span class='ocrx_word' id='word_1_247' title='bbox 1289 2431 1503 2485; x_wconf 89' lang='grc' dir='ltr'>παίουσι</span> <span class='ocrx_word' id='word_1_248' title='bbox 1563 2431 1655 2498; x_wconf 89' lang='grc' dir='ltr'>τὴν</span> 
     </span>
     <span class='ocr_line' id='line_1_32' title="bbox 74 2508 1697 2579; baseline 0 -16"><span class='ocrx_word' id='word_1_249' title='bbox 74 2508 324 2579; x_wconf 83' lang='grc' dir='ltr'>κεφαλήν·</span> <span class='ocrx_word' id='word_1_250' title='bbox 383 2511 432 2561; x_wconf 77' lang='grc' dir='ltr'>οἱ</span> <span class='ocrx_word' id='word_1_251' title='bbox 483 2509 576 2576; x_wconf 77' lang='grc' dir='ltr'>μὲν</span> <span class='ocrx_word' id='word_1_252' title='bbox 627 2509 688 2576; x_wconf 84' lang='grc' dir='ltr'>δὴ</span> <span class='ocrx_word' id='word_1_253' title='bbox 741 2509 976 2579; x_wconf 87' lang='grc' dir='ltr'>λέγουσι,</span> <span class='ocrx_word' id='word_1_254' title='bbox 1020 2509 1090 2564; x_wconf 81' lang='grc' dir='ltr'>ὡς</span> <span class='ocrx_word' id='word_1_255' title='bbox 1128 2510 1187 2562; x_wconf 81' lang='grc' dir='ltr'>τὸ</span> <span class='ocrx_word' id='word_1_256' title='bbox 1227 2514 1379 2576; x_wconf 82' lang='grc' dir='ltr'>σῶμα</span> <span class='ocrx_word' id='word_1_257' title='bbox 1418 2510 1518 2562; x_wconf 80' lang='grc' dir='ltr'>ἀπὸ</span> <span class='ocrx_word' id='word_1_258' title='bbox 1558 2513 1697 2564; x_wconf 65' lang='lat' dir='ltr'>rufifl</span> 
     </span>
     <span class='ocr_line' id='line_1_33' title="bbox 73 2584 1655 2659; baseline 0 -17"><span class='ocrx_word' id='word_1_259' title='bbox 73 2591 295 2659; x_wconf 82' lang='grc' dir='ltr'>κρημνοῦ</span> <span class='ocrx_word' id='word_1_260' title='bbox 329 2587 601 2641; x_wconf 84' lang='grc' dir='ltr'>διωθέουσι</span> <span class='ocrx_word' id='word_1_261' title='bbox 637 2588 788 2647; x_wconf 89' lang='grc' dir='ltr'>κάτω,</span> <span class='ocrx_word' id='word_1_262' title='bbox 825 2585 934 2656; x_wconf 78' lang='grc' dir='ltr'>(ἐπὶ</span> <span class='ocrx_word' id='word_1_263' title='bbox 969 2587 1071 2658; x_wconf 82' lang='grc' dir='ltr'>γὰρ</span> <span class='ocrx_word' id='word_1_264' title='bbox 1107 2591 1327 2658; x_wconf 83' lang='grc' dir='ltr'>κρημνοῦ</span> <span class='ocrx_word' id='word_1_265' title='bbox 1362 2584 1557 2659; x_wconf 80' lang='grc' dir='ltr'>ἵδρυται</span> <span class='ocrx_word' id='word_1_266' title='bbox 1591 2589 1655 2642; x_wconf 82' lang='grc' dir='ltr'>τὸ</span> 
     </span>
    </p>

    <p class='ocr_par' dir='ltr' id='par_1_5' title="bbox 137 2677 916 2724">
     <span class='ocr_line' id='line_1_34' title="bbox 137 2677 916 2724; baseline 0 0"><span class='ocrx_word' id='word_1_267' title='bbox 137 2694 234 2724; x_wconf 73' lang='grc' dir='ltr'>τοι.</span> <span class='ocrx_word' id='word_1_268' title='bbox 255 2694 286 2724; x_wconf 84' lang='lat'>1.</span> <span class='ocrx_word' id='word_1_269' title='bbox 812 2677 855 2717; x_wconf 73' lang='grc' dir='ltr'><strong>Α</strong></span> <span class='ocrx_word' id='word_1_270' title='bbox 881 2679 916 2718; x_wconf 70' lang='grc' dir='ltr'>θ’</span> 
     </span>
    </p>
   </div>
  </div>
 </body>
</html>
