1975 2892
124 178 178 216 οἱ
213 177 260 216 ⁶⁵
292 177 350 224 4]
431 171 436 178 q
471 111 1370 162 MEAnoMENH.-1v.61-6a
1596 107 1709 162 335

123 235 316 288 Ἐπεὰν
354 235 445 286 τὸν
479 238 682 304 πρῶτον
719 233 876 304 ἄνδρα
919 235 1185 301 καταβάλῃ
1222 233 1347 306 ἀνὴρ
1379 233 1588 304 Σκύθης,
1623 241 1715 290 τοῦ

126 310 338 380 αἵματος
366 311 578 378 ἐμπίνει.
623 311 780 368 ὅσους
811 310 856 365 δ’
885 311 946 364 ἂν
973 310 1208 381 φονεύσῃ
1236 313 1291 366 ἐν
1316 315 1379 381 τῇ
1404 316 1563 384 μάχῃ,
1592 314 1709 368 τού·
1737 330 1764 370 2

125 411 231 444 των
261 391 352 445 τὰς
391 390 622 458 κεφαλὰς
655 389 910 460 ἀποφέρει
945 393 1017 462 τῷ
1042 390 1281 454 βασιλέϊ·
1326 391 1588 448 ἀπενείκας
1622 395 1715 461 μὲν

125 469 230 540 γὰρ
258 467 506 537 κεφαλὴν,
537 469 626 535 τῆς
659 463 808 534 ληίης
842 468 1223 535 μεταλαμβάνει
1262 468 1353 536 τὴν
1392 469 1453 522 ἂν
1478 472 1710 535 λάβωσι·

127 547 198 615 μὴ
241 545 430 600 ἐνείκας
471 546 545 605 δὲ,
574 547 653 598 οὔ.
716 545 973 615 ἀποδείρει
1014 547 1070 599 δὲ
1110 545 1265 613 αὐτὴν
1298 549 1473 619 τρόπῳ
1512 549 1709 620 τοιῷδε.
1737 562 1763 604 8

127 625 418 696 περιταμὼν
438 622 608 696 κύκλῳ
633 624 752 694 περὶ
777 623 840 675 τὰ
868 621 987 688 ὦτα,
1013 624 1093 676 καὶ
1119 627 1407 692 λαβόμενος
1432 627 1522 693 τῆς
1548 627 1711 695 κεφα-

128 704 228 770 λῆς
271 703 474 755 ἐκσείει·
537 702 664 770 μετὰ
713 702 787 762 δὲ,
834 701 1089 771 σαρκίσας
1128 704 1257 767 βοὸς
1300 705 1515 773 πλευρῇ,
1562 704 1715 774 δέψει

129 782 254 848 τῇσι
278 779 453 851 χερσί·
497 777 726 850 ὀργήσας
742 779 798 832 δὲ
825 780 966 840 αὐτὸ,
989 781 1079 832 ἅτε
1104 783 1473 852 χειρόμακτρον
1492 783 1709 850 ἔκτηται·

131 859 188 912 ἐκ
215 859 271 912 δὲ
296 863 398 910 τῶν
416 860 642 926 χαλινῶν
667 860 758 909 τοῦ
784 853 944 911 ἵππου
969 859 1059 911 τὸν
1085 859 1237 914 αὐτὸς
1264 857 1486 921 ἐλαύνει,
1510 861 1567 913 ἐκ
1592 857 1711 913 τού-

131 957 224 990 του
252 937 476 1002 ἐξάπτει,
500 937 582 988 καὶ
607 935 904 1006 ἀγάλλεται.
949 934 1007 990 ὃς
1030 937 1131 1006 γὰρ
1159 937 1221 990 ἂν
1245 939 1470 991 πλεῖστα
1490 938 1713 1008 δέρματα
1735 951 1762 992 4

129 1017 473 1085 χειρόμακτρα
509 1014 622 1082 ἔχῃ,
653 1012 776 1081 ἀνὴρ
804 1013 1017 1084 ἄριστος
1055 1013 1205 1069 οὗτος
1240 1014 1476 1084 κέκριται.
1520 1017 1714 1070 πολλοὶ

131 1093 189 1145 δὲ
217 1092 381 1144 αὐτῶν
417 1092 472 1144 ἐκ
510 1097 612 1144 τῶν
650 1091 1015 1161 ἀποδερμάτων
1050 1093 1131 1144 καὶ
1169 1093 1384 1161 χλαίνας
1420 1093 1718 1148 ἐπείνυσθαι

129 1173 358 1230 ποιεῦσι,
389 1170 768 1240 συρράπτοντες
806 1170 1030 1240 κατάπερ
1064 1169 1265 1235 βαίτας.
1308 1173 1501 1225 πολλοὶ
1541 1173 1597 1225 δὲ
1623 1171 1711 1224 άν-
1736 1185 1761 1225 8

134 1248 268 1318 δρῶν
295 1247 495 1317 ἐχθρῶν
530 1247 622 1302 τὰς
659 1246 828 1313 δεξιὰς
853 1248 1027 1318 χέρας,
1058 1254 1244 1318 νεκρῶν
1274 1249 1476 1310 ἐόντων,
1505 1249 1711 1302 ἀποδεί-

131 1347 311 1396 ραντες
337 1325 541 1377 αὐτοῖσι
567 1324 727 1391 ὄνυξι,
751 1324 1043 1395 καλύπτρας
1070 1332 1171 1378 τῶν
1190 1328 1486 1396 φαρετρέων
1509 1329 1712 1380 ποιεῦν-

131 1425 237 1458 ται.
283 1402 441 1472 δέρμα
467 1403 523 1454 δὲ
550 1402 837 1472 ἀνθρώπου,
868 1404 950 1456 καὶ
974 1403 1116 1472 παχὺ
1143 1405 1224 1456 καὶ
1249 1406 1502 1474 λαμπρὸν,
1532 1401 1593 1470 ἦν
1618 1403 1721 1474 ἄρα·
1738 1417 1763 1457 8

135 1482 330 1550 σχεδὸν
357 1481 615 1550 δερμάτων
639 1481 843 1533 πάντων
858 1483 1222 1550 λαμπρότατον
1246 1483 1531 1548 λευκότητι.
1580 1484 1712 1535 πολ·
1737 1491 1762 1538 ἵ

131 1560 224 1613 λοὶ
264 1559 318 1613 δὲ
360 1559 442 1611 καὶ
481 1557 635 1612 ὅλους
676 1557 860 1628 ἄνδρας
901 1559 1226 1628 ἐκδείραντες,
1265 1559 1345 1611 καὶ
1384 1560 1717 1613 διατείναντες

136 1638 224 1692 ἐπὶ
250 1635 438 1704 ξύλων,
469 1635 546 1689 ἐπ’
574 1633 742 1690 ἵππων
777 1635 1140 1706 περιφέρουσι.
1184 1640 1343 1689 ταῦτα
1375 1637 1469 1705 μὲν
1492 1638 1553 1704 δὴ
1583 1634 1717 1690 οὕτω

137 1717 244 1785 σφι
291 1718 600 1783 νενόμισται.
807 1714 976 1768 Αὐτὸς
1017 1715 1073 1768 δὲ
1118 1715 1210 1769 τὰς
1254 1715 1503 1783 κεφαλὰς,
1552 1717 1616 1767 οὔ
1666 1735 1715 1767 τι
1740 1713 1814 1767 65

135 1797 356 1853 πάντων,
385 1792 525 1845 ἀλλὰ
559 1797 660 1845 τῶν
694 1791 969 1861 ἐχθίστων,
998 1797 1205 1846 ποιεῦσι
1240 1794 1379 1846 τάδε.
1423 1793 1715 1863 ἀποπρίσας
1738 1804 1763 1844 ²

138 1871 356 1926 ἕκαστος
395 1873 497 1924 πᾶν
541 1873 600 1924 τὸ
647 1870 818 1940 ἔνερθε
859 1875 960 1923 τῶν
1006 1869 1233 1941 ὀφρύων,
1279 1870 1575 1942 ἐκκαθαίρει·
1634 1872 1717 1924 καὶ

136 1949 200 2018 ἦν
223 1951 316 2018 μὲν
340 1945 376 2017 ᾔ
399 1948 569 2015 πένης,
599 1952 628 2001 ὁ
656 1950 710 2002 δὲ
739 1948 927 2016 ἔξωθεν
966 1949 1231 2017 ὠμοβοέην
1265 1946 1453 2018 μούνην
1490 1949 1711 2020 περιτεί-

139 2049 244 2089 νας,
273 2024 406 2080 οὕτω
441 2029 644 2096 χρᾶται·
689 2025 750 2094 ἦν
775 2027 832 2079 δὲ
857 2022 892 2094 ᾗ
915 2025 1189 2087 πλούσιος.
1219 2027 1311 2094 τὴν
1334 2028 1427 2095 μὲν
1454 2028 1717 2094 ὠμοβοέην

135 2105 421 2176 περιτείνει,
451 2105 646 2157 ἔσωθεν
671 2105 727 2159 δὲ
753 2107 1168 2174 περιχρυσώσας,
1188 2102 1320 2158 οὕτω
1346 2107 1532 2174 χρᾶται
1556 2127 1713 2171 ποτη-

137 2185 251 2256 ρίῳ.
294 2186 500 2236 ποιεῦσι
527 2183 584 2235 δὲ
619 2187 772 2236 τοῦτο
799 2183 881 2235 καὶ
921 2183 974 2235 ἐκ
1003 2187 1104 2235 τῶν
1130 2177 1347 2249 οἰκηίων,
1376 2185 1439 2250 ἤν
1471 2184 1577 2252 σφι
1607 2183 1715 2235 διά·
1740 2197 1765 2237 8

139 2263 297 2331 φοροι
339 2261 599 2331 γένωνται,
645 2262 726 2314 καὶ
777 2257 839 2327 ἢν
883 2258 1197 2330 ἐπικρατήσῃ
1250 2261 1405 2313 αὐτοῦ
1455 2261 1594 2330 παρὰ
1644 2263 1717 2332 τῷ

139 2339 378 2404 βασιλέ’ἱ.
423 2338 600 2404 ξείνων
627 2339 684 2392 δέ
709 2339 757 2390 οἱ
785 2337 1047 2392 ἐλθόντων
1071 2343 1172 2391 τῶν
1197 2338 1259 2390 ἂν
1284 2341 1445 2408 λόγον
1468 2339 1713 2404 ποιέηται,
1741 2350 1767 2391 4

140 2418 230 2472 τὰς
276 2417 507 2486 κεφαλὰς
551 2414 734 2471 ταύτας
777 2415 1083 2487 παραφέρει,
1132 2417 1214 2468 καὶ
1267 2414 1510 2487 ἐπιλέγει,
1556 2417 1623 2471 ὥς
1668 2417 1718 2469 οἱ

144 2496 308 2550 ἐόντες
334 2493 514 2561 οἷκῆἳοι
539 2496 766 2562 πόλεμον
795 2492 1201 2564 προσεθὴκαντο,
1230 2493 1314 2547 καί
1352 2496 1535 2564 σφεων
1568 2493 1719 2549 αὐτὸς

143 2573 472 2644 ἐπεκράτησε,
500 2569 686 2640 ταύτην
721 2571 1063 2644 ἀνδραγαθίην
1084 2573 1347 2645 λέγοντες.
1544 2571 1718 2640 ‘'A-rm}
1740 2573 1819 2628 66
