1975 2892
110 189 168 228 0¹
205 188 258 228 65
291 188 352 236 4]
469 125 1183 170 MEAHOMENH.--1v.
1214 122 1383 185 53-61.
1597 122 1713 178 333

111 245 359 312 γυναῖκα·
400 241 530 307 μετὰ
569 241 624 293 δὲ
663 238 891 307 τούτους,
919 240 1228 296 Ἀπόλλωνά
1267 264 1324 296 τε
1358 244 1441 298 καὶ
1476 243 1712 314 οὐρανίην

112 318 462 388 Ἀφροδίτην,
492 320 574 371 καὶ
597 317 874 388 Ἡρακλέα,
905 320 986 372 καὶ
1001 317 1182 390 ”Αρεα.
1227 319 1439 377 τούτους
1462 323 1556 390 μὲν
1580 323 1705 375 πάν·
1730 339 1756 379 3

114 417 208 450 τες
251 396 302 448 οἱ
343 394 526 449 Σκύθαι
567 397 877 464 νενομίκασι·
921 399 971 450 οἱ
1010 399 1066 450 δὲ
1107 401 1401 466 καλεόμενοι
1438 398 1709 466 βασιλὴἳοι

116 471 314 526 Σκύθαι
342 475 422 528 καὶ
448 477 520 546 τῷ
547 474 861 527 Ποσειδέωνι
889 473 1093 528 θύουσι.
1138 477 1463 544 οὐνομάζεται
1496 477 1552 529 δέ
1580 485 1705 529 Σκυ-
1728 490 1770 530 4²

118 551 288 612 θιστὶ,
306 552 469 619 Ἱστίη
485 553 595 618 μὲν,
618 553 818 616 Ταβιτί·
865 554 987 609 Ζεὺς
1004 553 1059 606 δὲ
1080 553 1347 623 ὀρθότατα,
1368 555 1493 606 κατὰ
1506 557 1709 624 γνώμην

117 651 186 700 γε
213 630 308 697 τὴν
335 631 474 698 ἐμὴν,
499 632 802 698 καλεόμενος
820 635 1071 686 Παπαῖος·
1116 635 1187 699 Γῆ
1214 632 1288 692 δὲ,
1309 629 1480 685 Ἀπία·
1510 631 1706 686 ’Λπόλ-

113 710 232 761 λων
259 709 334 769 δὲ,
366 709 666 783 Οἶτόσυρος·
705 709 908 778 οὐρανίη
946 711 1002 762 δὲ
1028 708 1331 780 Ἀφροδίτη,
1360 708 1704 781 ’Λρτίμπασα·

115 786 421 840 Ποσειδέων
459 787 534 846 δὲ,
564 787 948 854 Θαμιμασάδας.
992 788 1260 859 ἀγάλματα
1296 788 1353 840 δὲ
1394 789 1475 840 καὶ
1499 788 1707 856 βωμοὺς
1726 807 1749 846 5

117 865 204 917 καὶ
253 865 402 932 νηοὺς
437 863 497 916 οὐ
533 864 798 930 νομίζουσι
831 866 1038 925 ποιέειν,
1066 866 1203 934 πλὴν
1234 864 1407 936 Ἄρηΐ·
1452 863 1615 938 τούτῳ
1650 867 1706 920 δὲ

117 943 408 1009 νομίζουσι.
616 943 782 1008 θυσίη
819 943 875 996 δὲ
901 943 931 1010 ἦ
959 943 1083 1011 αὐτὴ
1119 947 1252 998 πᾶσι
1286 944 1563 1012 κατέστηκε
1587 945 1705 1015 περὶ
1727 945 1803 998 60

117 1023 287 1074 πάντα
314 1022 378 1073 τὰ
405 1021 490 1091 ἱρὰ
515 1021 717 1088 ὁμοίως,
748 1021 988 1092 ἐρδομένη
1018 1021 1133 1075 ὧδε.
1175 1024 1235 1075 τὸ
1262 1023 1355 1090 μὲν
1388 1021 1549 1093 ἶρῆἲον
1581 1023 1703 1076 αὐτὸ

120 1099 564 1167 ἐμπεποδισμένον
597 1099 715 1154 τοὺς
755 1099 1101 1169 ἐμπροσθίους
1131 1101 1291 1155 πόδας
1328 1099 1526 1166 ἕστηκε.
1578 1103 1605 1152 ὁ
1648 1102 1701 1154 δὲ
1726 1113 1751 1154 2

121 1175 277 1238 θύων,
315 1176 502 1231 ὄπισθε
541 1180 633 1229 τοῦ
673 1175 877 1244 κτήνεος
917 1179 1125 1238 ἑστεὼς,
1164 1179 1373 1233 σπάσας
1412 1179 1502 1246 τὴν
1540 1178 1704 1248 ἀρχὴν

120 1259 216 1307 τοῦ
243 1257 499 1326 στρόφου,
530 1257 844 1320 καταβάλλει
868 1269 972 1324 μιν·
1018 1256 1294 1312 πίπτοντος
1320 1257 1376 1309 δὲ
1400 1259 1491 1309 τοῦ
1519 1253 1699 1327 ίρηΐου,

122 1332 378 1386 ἐπικαλέει
405 1337 494 1387 τὸν
520 1334 652 1392 θεὸν,
681 1337 752 1405 τῷ
779 1333 842 1386 ἂν
877 1332 990 1400 θύῃ·
1036 1336 1117 1388 καὶ
1156 1336 1328 1388 ἔπειτα
1365 1336 1546 1406 βρόχῳ
1585 1335 1705 1404 περὶ

123 1410 194 1464 ὧν
219 1413 378 1475 ἔβαλε
404 1414 493 1464 τὸν
527 1410 732 1478 αὐχένα,
763 1412 1047 1465 σκυταλίδα
1086 1413 1142 1464 δὲ
1183 1413 1424 1479 ἐμβαλὼν
1451 1413 1699 1482 περιάγει,

123 1490 206 1542 καὶ
233 1489 522 1560 ἀποπνίγει·
565 1491 683 1540 οὔτε
707 1491 812 1559 πῦρ
839 1487 1143 1549 ἀνακαύσας,
1166 1491 1283 1541 οὔτε
1311 1488 1699 1558 καταρξάμενος,

124 1565 229 1620 οὔτ’
259 1567 584 1622 ἐπισπείσας·
627 1565 910 1632 ἀποπνίξας
945 1567 1001 1620 δὲ
1033 1568 1115 1619 καὶ
1146 1566 1432 1636 ἀποδείρας,
1461 1568 1703 1636 τράπεται

123 1647 252 1716 πρὸς
305 1645 520 1715 ἕψησιν.
729 1646 829 1711 Τῆς
882 1645 937 1696 δὲ
988 1647 1085 1716 γῆς
1136 1647 1227 1712 τῆς
1272 1644 1514 1712 Σκυθικῆς
1554 1644 1703 1700 αἰνῶς
1729 1646 1801 1700 61

125 1721 320 1790 ἀξύλου
366 1721 568 1791 ἐούσης,
615 1722 717 1776 ὧδέ
769 1723 873 1791 σφι
927 1722 978 1778 ἐς
1024 1722 1117 1790 τὴν
1159 1722 1356 1792 ἕψησιν
1400 1727 1501 1774 τῶν
1545 1727 1703 1792 κρεῶν

127 1799 403 1872 ἐξεύρηται.
465 1801 618 1856 ἐπεὰν
663 1801 976 1871 ἀποδείρωσι
1023 1801 1087 1853 τὰ
1141 1799 1291 1872 ἶρήῖα,
1336 1803 1588 1872 γυμνοῦσι
1640 1801 1703 1854 τὰ
1727 1812 1753 1851 2

127 1878 282 1932 ὀστέα
311 1885 415 1932 τῶν
455 1884 634 1950 κρεῶν·
684 1880 857 1932 ἔπειτα
897 1879 1249 1943 ἐσβάλλουσι,
1284 1877 1346 1947 ἢν
1378 1879 1472 1946 μὲν
1501 1876 1703 1948 τύχωσι

128 1959 326 2026 ἔχοντες
363 1958 588 2024 λέβητας
627 1957 949 2027 ἐπιχωρίους,
987 1959 1219 2026 μάλιστα
1260 1958 1538 2023 Λεσβίοισι
1580 1979 1699 2028 κρη-

129 2038 277 2106 τῆρσι
316 2037 703 2107 προσεικέλους,
746 2038 907 2106 χωρὶς
951 2035 981 2103 ἢ
1026 2035 1107 2088 ὅτι
1144 2039 1329 2108 πολλῷ
1370 2036 1601 2105 μέζονας·
1651 2039 1703 2091 ἐς

129 2111 334 2170 τούτους
360 2114 732 2178 ἐσβάλλοντες,
757 2114 954 2184 ἕψουσι
980 2113 1305 2168 ὑποκαίοντες
1331 2116 1395 2167 τὰ
1418 2115 1578 2167 ὀστέα
1602 2119 1703 2166 τῶν

133 2187 314 2264 ἱρηίων.
358 2191 419 2261 ἢν
445 2193 501 2246 δὲ
526 2191 594 2261 μή
617 2194 722 2262 σφι
741 2197 877 2261 παρῇ
893 2191 1073 2258 λέβης,
1096 2192 1146 2244 οἱ
1174 2192 1229 2244 δὲ
1257 2191 1309 2246 ἐς
1334 2192 1425 2246 τὰς
1449 2190 1703 2263 γαστέρας
1724 2209 1749 2247 8

131 2275 226 2324 τῶν
264 2265 437 2342 ἱρηίων
475 2270 830 2335 ἐσβάλλοντες
868 2271 932 2322 τὰ
972 2269 1093 2338 κρέα
1131 2271 1313 2330 πάντα,
1356 2269 1439 2322 καὶ
1478 2269 1701 2338 παραμί-

133 2349 300 2416 ξαντες
324 2346 478 2418 ὕδωρ,
507 2349 814 2402 ὑποκαίουσι
840 2349 904 2400 τὰ
938 2346 1116 2400 ὀστέα.
1159 2347 1225 2400 τὰ
1258 2347 1315 2400 δὲ
1350 2345 1543 2400 αἴθεται
1574 2347 1699 2398 κάλ·
1723 2359 1773 2400 4·

132 2429 299 2479 λιστα·
363 2428 416 2479 αἱ
463 2427 519 2479 δὲ
563 2429 815 2497 γαστέρες
864 2426 1127 2494 χωρέουσι
1180 2425 1427 2480 εὐπετέως
1473 2425 1536 2476 τὰ
1582 2424 1703 2494 κρέα

133 2501 420 2575 ἐψιλωμένα
439 2509 540 2558 τῶν
559 2505 774 2558 ὀστέων.
817 2505 900 2557 καὶ
921 2501 1053 2557 οὕτω
1073 2507 1203 2569 βοῦς
1218 2524 1274 2557 τε
1294 2504 1481 2558 ἑωυτὸν
1502 2501 1701 2573 ἐξέψει,

136 2584 210 2636 καὶ
241 2585 303 2636 τὰ
339 2583 486 2637 ἄλλα
527 2580 663 2654 ἱρῆἳα
702 2584 860 2636 ἑωυτὸ
902 2581 1141 2638 ἕκαστον.
1218 2581 1407 2639 Ἐπεὰν
1438 2581 1494 2638 δὲ
1530 2580 1702 2652 ἑψηθῇ
1719 2594 1745 2635 6
1765 2613 1775 2631 ι
