<?xml version="1.0" encoding="UTF-8"?>
<!DOCTYPE html PUBLIC "-//W3C//DTD XHTML 1.0 Transitional//EN"
    "http://www.w3.org/TR/xhtml1/DTD/xhtml1-transitional.dtd">
<html xmlns="http://www.w3.org/1999/xhtml" xml:lang="en" lang="en">
 <head>
  <title>
</title>
<meta http-equiv="Content-Type" content="text/html;charset=utf-8" />
  <meta name='ocr-system' content='tesseract 3.04.00' />
  <meta name='ocr-capabilities' content='ocr_page ocr_carea ocr_par ocr_line ocrx_word'/>
</head>
<body>
  <div class='ocr_page' id='page_1' title='image "./herodotihistori00westgoog_0351.png"; bbox 0 0 1975 2892; ppageno 0'>
   <div class='ocr_carea' id='block_1_1' title="bbox 297 515 1409 753">
    <p class='ocr_par' dir='ltr' id='par_1_1' title="bbox 297 515 1409 753">
     <span class='ocr_line' id='line_1_1' title="bbox 471 515 1234 605; baseline 0.003 -4"><span class='ocrx_word' id='word_1_1' title='bbox 471 515 1234 605; x_wconf 77' lang='lat' dir='ltr'>‘HPOAOTOY</span> 
     </span>
     <span class='ocr_line' id='line_1_2' title="bbox 297 678 1409 753; baseline 0.002 -4"><span class='ocrx_word' id='word_1_2' title='bbox 297 678 836 751; x_wconf 80' lang='grc' dir='ltr'><strong>ἹΣΤΟΡΙΩΝ</strong></span> <span class='ocrx_word' id='word_1_3' title='bbox 906 692 1409 753; x_wconf 81' lang='grc' dir='ltr'>ΤΕΤΑΡΤΗ.</span> 
     </span>
    </p>
   </div>
   <div class='ocr_carea' id='block_1_2' title="bbox 573 982 1164 1030">
    <p class='ocr_par' dir='ltr' id='par_1_2' title="bbox 573 982 1164 1030">
     <span class='ocr_line' id='line_1_3' title="bbox 573 982 1164 1030; baseline 0.005 -3"><span class='ocrx_word' id='word_1_4' title='bbox 573 982 1164 1030; x_wconf 76' lang='lat' dir='ltr'><strong>MEAHOMENH.</strong></span> 
     </span>
    </p>
   </div>
   <div class='ocr_carea' id='block_1_3' title="bbox 15 1098 1722 2650">
    <p class='ocr_par' dir='ltr' id='par_1_3' title="bbox 73 1098 1709 1715">
     <span class='ocr_line' id='line_1_4' title="bbox 186 1098 1709 1173; baseline -0.004 -13"><span class='ocrx_word' id='word_1_5' title='bbox 186 1116 371 1162; x_wconf 85' lang='lat' dir='ltr'><strong>META</strong></span> <span class='ocrx_word' id='word_1_6' title='bbox 433 1106 490 1159; x_wconf 78' lang='grc' dir='ltr'>δὲ</span> <span class='ocrx_word' id='word_1_7' title='bbox 552 1104 643 1173; x_wconf 86' lang='grc' dir='ltr'>τὴν</span> <span class='ocrx_word' id='word_1_8' title='bbox 695 1107 1005 1171; x_wconf 73' lang='grc' dir='ltr'>Βαβυλῶνος</span> <span class='ocrx_word' id='word_1_9' title='bbox 1064 1098 1263 1172; x_wconf 78' lang='grc' dir='ltr'>αἵρεσιν</span> <span class='ocrx_word' id='word_1_10' title='bbox 1319 1100 1518 1171; x_wconf 78' lang='grc' dir='ltr'>ἐγένετο</span> <span class='ocrx_word' id='word_1_11' title='bbox 1569 1100 1655 1154; x_wconf 80' lang='grc' dir='ltr'>ἐπὶ</span> <span class='ocrx_word' id='word_1_12' title='bbox 1684 1101 1709 1154; x_wconf 89' lang='lat' dir='ltr'>l</span> 
     </span>
     <span class='ocr_line' id='line_1_5' title="bbox 75 1174 1703 1248; baseline 0.002 -19"><span class='ocrx_word' id='word_1_13' title='bbox 75 1174 272 1231; x_wconf 79' lang='grc' dir='ltr'>Σκύθας</span> <span class='ocrx_word' id='word_1_14' title='bbox 316 1175 472 1229; x_wconf 78' lang='grc' dir='ltr'>αὐτοῦ</span> <span class='ocrx_word' id='word_1_15' title='bbox 520 1180 736 1247; x_wconf 84' lang='grc' dir='ltr'>Δαρείου</span> <span class='ocrx_word' id='word_1_16' title='bbox 781 1178 987 1233; x_wconf 78' lang='grc' dir='ltr'>ἔλασις.</span> <span class='ocrx_word' id='word_1_17' title='bbox 1032 1231 1039 1235; x_wconf 70' lang='grc'>,</span> <span class='ocrx_word' id='word_1_18' title='bbox 1084 1175 1365 1245; x_wconf 86' lang='grc' dir='ltr'>Ἀνθεύσης</span> <span class='ocrx_word' id='word_1_19' title='bbox 1413 1178 1515 1248; x_wconf 77' lang='grc' dir='ltr'>γὰρ</span> <span class='ocrx_word' id='word_1_20' title='bbox 1567 1184 1657 1247; x_wconf 81' lang='grc' dir='ltr'>τῆς</span> <span class='ocrx_word' id='word_1_21' title='bbox 1678 1192 1703 1236; x_wconf 72' lang='lat'><em>2</em></span> 
     </span>
     <span class='ocr_line' id='line_1_6' title="bbox 74 1252 1655 1325; baseline 0.001 -19"><span class='ocrx_word' id='word_1_22' title='bbox 74 1252 258 1320; x_wconf 92' lang='grc' dir='ltr'>Ἀσίης</span> <span class='ocrx_word' id='word_1_23' title='bbox 283 1253 518 1325; x_wconf 78' lang='grc' dir='ltr'>ἀνδράσι,</span> <span class='ocrx_word' id='word_1_24' title='bbox 547 1254 629 1307; x_wconf 87' lang='grc' dir='ltr'>καὶ</span> <span class='ocrx_word' id='word_1_25' title='bbox 653 1255 926 1323; x_wconf 82' lang='grc' dir='ltr'>χρημάτων</span> <span class='ocrx_word' id='word_1_26' title='bbox 950 1256 1190 1325; x_wconf 81' lang='grc' dir='ltr'>μεγάλων</span> <span class='ocrx_word' id='word_1_27' title='bbox 1216 1257 1509 1316; x_wconf 84' lang='grc' dir='ltr'>συνιόντων,</span> <span class='ocrx_word' id='word_1_28' title='bbox 1539 1255 1655 1308; x_wconf 86' lang='grc' dir='ltr'>ἐπε-</span> 
     </span>
     <span class='ocr_line' id='line_1_7' title="bbox 75 1329 1654 1401; baseline 0 -16"><span class='ocrx_word' id='word_1_29' title='bbox 75 1329 280 1400; x_wconf 88' lang='grc' dir='ltr'>θύμησε</span> <span class='ocrx_word' id='word_1_30' title='bbox 315 1334 344 1384; x_wconf 86' lang='grc' dir='ltr'><strong><em>ὁ</em></strong></span> <span class='ocrx_word' id='word_1_31' title='bbox 372 1334 584 1401; x_wconf 81' lang='grc' dir='ltr'>Δαρεῖος</span> <span class='ocrx_word' id='word_1_32' title='bbox 619 1331 866 1385; x_wconf 80' lang='grc' dir='ltr'>τίσασθαι</span> <span class='ocrx_word' id='word_1_33' title='bbox 893 1332 1104 1393; x_wconf 85' lang='grc' dir='ltr'>Σκύθας,</span> <span class='ocrx_word' id='word_1_34' title='bbox 1136 1332 1213 1386; x_wconf 82' lang='grc' dir='ltr'>ὅτι</span> <span class='ocrx_word' id='word_1_35' title='bbox 1251 1334 1433 1386; x_wconf 83' lang='grc' dir='ltr'>ἐκεῖνοι</span> <span class='ocrx_word' id='word_1_36' title='bbox 1468 1335 1654 1401; x_wconf 86' lang='grc' dir='ltr'>πρότε-</span> 
     </span>
     <span class='ocr_line' id='line_1_8' title="bbox 73 1408 1656 1482; baseline 0.002 -21"><span class='ocrx_word' id='word_1_37' title='bbox 73 1431 182 1482; x_wconf 89' lang='grc' dir='ltr'>ροι,</span> <span class='ocrx_word' id='word_1_38' title='bbox 221 1410 537 1473; x_wconf 78' lang='grc' dir='ltr'>ἐσβαλόντες</span> <span class='ocrx_word' id='word_1_39' title='bbox 577 1409 628 1463; x_wconf 87' lang='grc' dir='ltr'>ἐς</span> <span class='ocrx_word' id='word_1_40' title='bbox 666 1408 757 1477; x_wconf 87' lang='grc' dir='ltr'>τὴν</span> <span class='ocrx_word' id='word_1_41' title='bbox 797 1410 1027 1477; x_wconf 84' lang='grc' dir='ltr'>Μηδικὴν</span> <span class='ocrx_word' id='word_1_42' title='bbox 1066 1411 1147 1463; x_wconf 86' lang='grc' dir='ltr'>καὶ</span> <span class='ocrx_word' id='word_1_43' title='bbox 1186 1408 1480 1477; x_wconf 80' lang='grc' dir='ltr'>νικήσαντες</span> <span class='ocrx_word' id='word_1_44' title='bbox 1517 1412 1656 1477; x_wconf 81' lang='grc' dir='ltr'>μάχῃ</span> 
     </span>
     <span class='ocr_line' id='line_1_9' title="bbox 73 1486 1703 1558; baseline 0.001 -18"><span class='ocrx_word' id='word_1_45' title='bbox 73 1487 199 1542; x_wconf 83' lang='grc' dir='ltr'>τοὺς</span> <span class='ocrx_word' id='word_1_46' title='bbox 250 1486 619 1556; x_wconf 80' lang='grc' dir='ltr'>ἀντιουμένους,</span> <span class='ocrx_word' id='word_1_47' title='bbox 673 1486 904 1557; x_wconf 75' lang='grc' dir='ltr'>ὑπῆρξαν</span> <span class='ocrx_word' id='word_1_48' title='bbox 954 1488 1163 1555; x_wconf 79' lang='grc' dir='ltr'>ἀδικίης.</span> <span class='ocrx_word' id='word_1_49' title='bbox 1252 1490 1352 1556; x_wconf 88' lang='grc' dir='ltr'>Τῆς</span> <span class='ocrx_word' id='word_1_50' title='bbox 1402 1487 1503 1558; x_wconf 82' lang='grc' dir='ltr'>γὰρ</span> <span class='ocrx_word' id='word_1_51' title='bbox 1555 1486 1657 1541; x_wconf 77' lang='grc' dir='ltr'>ἅνω</span> <span class='ocrx_word' id='word_1_52' title='bbox 1678 1504 1703 1548; x_wconf 64' lang='lat' dir='ltr'><strong>a</strong></span> 
     </span>
     <span class='ocr_line' id='line_1_10' title="bbox 73 1562 1657 1637; baseline -0.001 -18"><span class='ocrx_word' id='word_1_53' title='bbox 73 1565 260 1633; x_wconf 85' lang='grc' dir='ltr'>Ἀσίης</span> <span class='ocrx_word' id='word_1_54' title='bbox 285 1562 459 1635; x_wconf 75' lang='grc' dir='ltr'>ἧρξαν,</span> <span class='ocrx_word' id='word_1_55' title='bbox 491 1566 560 1623; x_wconf 83' lang='grc' dir='ltr'>ὧς</span> <span class='ocrx_word' id='word_1_56' title='bbox 585 1566 667 1617; x_wconf 80' lang='grc' dir='ltr'>καὶ</span> <span class='ocrx_word' id='word_1_57' title='bbox 693 1566 944 1637; x_wconf 89' lang='grc' dir='ltr'>πρότερόν</span> <span class='ocrx_word' id='word_1_58' title='bbox 967 1586 1057 1633; x_wconf 92' lang='grc' dir='ltr'>μοι</span> <span class='ocrx_word' id='word_1_59' title='bbox 1092 1562 1302 1637; x_wconf 76' lang='grc' dir='ltr'>εἴρηται,</span> <span class='ocrx_word' id='word_1_60' title='bbox 1332 1562 1515 1618; x_wconf 80' lang='grc' dir='ltr'>Σκύθαι</span> <span class='ocrx_word' id='word_1_61' title='bbox 1543 1565 1657 1618; x_wconf 78' lang='grc' dir='ltr'>ἔτεα</span> 
     </span>
     <span class='ocr_line' id='line_1_11' title="bbox 78 1641 1704 1715; baseline 0.001 -19"><span class='ocrx_word' id='word_1_62' title='bbox 78 1646 214 1697; x_wconf 81' lang='grc' dir='ltr'>δυῶν</span> <span class='ocrx_word' id='word_1_63' title='bbox 249 1642 426 1696; x_wconf 83' lang='grc' dir='ltr'>δέοντα</span> <span class='ocrx_word' id='word_1_64' title='bbox 459 1641 745 1715; x_wconf 74' lang='grc' dir='ltr'>τριήκοντα.</span> <span class='ocrx_word' id='word_1_65' title='bbox 829 1643 1135 1713; x_wconf 88' lang='grc' dir='ltr'>Κιμμερίους</span> <span class='ocrx_word' id='word_1_66' title='bbox 1172 1644 1273 1715; x_wconf 80' lang='grc' dir='ltr'>γὰρ</span> <span class='ocrx_word' id='word_1_67' title='bbox 1310 1644 1657 1699; x_wconf 80' lang='grc' dir='ltr'>ἐπιδιώκοντες</span> <span class='ocrx_word' id='word_1_68' title='bbox 1678 1657 1704 1697; x_wconf 64' lang='lat'>¹</span> 
     </span>
    </p>

    <p class='ocr_par' dir='ltr' id='par_1_4' title="bbox 15 1693 1722 2650">
     <span class='ocr_line' id='line_1_12' title="bbox 15 1693 1657 1790; baseline 0 -17"><span class='ocrx_word' id='word_1_69' title='bbox 15 1693 27 1757; x_wconf 48' lang='grc' dir='ltr'>ί</span> <span class='ocrx_word' id='word_1_70' title='bbox 79 1721 340 1784; x_wconf 83' lang='grc' dir='ltr'>ἐσέβαλον</span> <span class='ocrx_word' id='word_1_71' title='bbox 367 1721 418 1776; x_wconf 87' lang='grc' dir='ltr'>ἐς</span> <span class='ocrx_word' id='word_1_72' title='bbox 445 1722 537 1789; x_wconf 86' lang='grc' dir='ltr'>τὴν</span> <span class='ocrx_word' id='word_1_73' title='bbox 561 1720 761 1789; x_wconf 82' lang='grc' dir='ltr'>Ἀσίην,</span> <span class='ocrx_word' id='word_1_74' title='bbox 791 1719 1202 1777; x_wconf 78' lang='grc' dir='ltr'>καταπαύσαντες</span> <span class='ocrx_word' id='word_1_75' title='bbox 1238 1724 1327 1789; x_wconf 89' lang='grc' dir='ltr'>τῆς</span> <span class='ocrx_word' id='word_1_76' title='bbox 1352 1722 1515 1790; x_wconf 85' lang='grc' dir='ltr'>ἀρχῆς</span> <span class='ocrx_word' id='word_1_77' title='bbox 1542 1719 1657 1788; x_wconf 88' lang='grc' dir='ltr'>Μή-</span> 
     </span>
     <span class='ocr_line' id='line_1_13' title="bbox 79 1797 1659 1870; baseline 0.001 -18"><span class='ocrx_word' id='word_1_78' title='bbox 79 1800 222 1854; x_wconf 82' lang='grc' dir='ltr'>δους·</span> <span class='ocrx_word' id='word_1_79' title='bbox 267 1798 408 1851; x_wconf 81' lang='grc' dir='ltr'>οὗτοι</span> <span class='ocrx_word' id='word_1_80' title='bbox 441 1800 561 1870; x_wconf 75' lang='grc' dir='ltr'>γὰρ,</span> <span class='ocrx_word' id='word_1_81' title='bbox 589 1801 710 1870; x_wconf 79' lang='grc' dir='ltr'>πρὶν</span> <span class='ocrx_word' id='word_1_82' title='bbox 744 1798 775 1867; x_wconf 83' lang='grc' dir='ltr'><strong><em>ἢ</em></strong></span> <span class='ocrx_word' id='word_1_83' title='bbox 813 1797 1005 1855; x_wconf 77' lang='grc' dir='ltr'>Σκύθας</span> <span class='ocrx_word' id='word_1_84' title='bbox 1044 1798 1334 1860; x_wconf 85' lang='grc' dir='ltr'>ἀπικέσθαι,</span> <span class='ocrx_word' id='word_1_85' title='bbox 1370 1797 1532 1870; x_wconf 80' lang='grc' dir='ltr'>ἦρχον</span> <span class='ocrx_word' id='word_1_86' title='bbox 1570 1802 1659 1867; x_wconf 84' lang='grc' dir='ltr'>τῆς</span> 
     </span>
     <span class='ocr_line' id='line_1_14' title="bbox 76 1874 1705 1945; baseline 0.002 -15"><span class='ocrx_word' id='word_1_87' title='bbox 76 1876 277 1943; x_wconf 84' lang='grc' dir='ltr'>Ἀσίης.</span> <span class='ocrx_word' id='word_1_88' title='bbox 323 1876 453 1930; x_wconf 82' lang='grc' dir='ltr'>Τοὺς</span> <span class='ocrx_word' id='word_1_89' title='bbox 479 1877 534 1930; x_wconf 80' lang='grc' dir='ltr'>δὲ</span> <span class='ocrx_word' id='word_1_90' title='bbox 562 1874 754 1931; x_wconf 86' lang='grc' dir='ltr'>Σκύθας</span> <span class='ocrx_word' id='word_1_91' title='bbox 780 1874 1204 1945; x_wconf 79' lang='grc' dir='ltr'>ἀποδημήσαντας</span> <span class='ocrx_word' id='word_1_92' title='bbox 1230 1877 1359 1930; x_wconf 80' lang='grc' dir='ltr'>ὀκτὼ</span> <span class='ocrx_word' id='word_1_93' title='bbox 1387 1878 1469 1930; x_wconf 77' lang='grc' dir='ltr'>καὶ</span> <span class='ocrx_word' id='word_1_94' title='bbox 1495 1875 1658 1931; x_wconf 80' lang='grc' dir='ltr'>εἴκοσι</span> <span class='ocrx_word' id='word_1_95' title='bbox 1678 1894 1705 1935; x_wconf 72' lang='grc'><strong><em>6</em></strong></span> 
     </span>
     <span class='ocr_line' id='line_1_15' title="bbox 83 1952 1656 2026; baseline 0.001 -20"><span class='ocrx_word' id='word_1_96' title='bbox 83 1955 218 2015; x_wconf 76' lang='grc' dir='ltr'>ἔτεα,</span> <span class='ocrx_word' id='word_1_97' title='bbox 248 1954 329 2007; x_wconf 82' lang='grc' dir='ltr'>καὶ</span> <span class='ocrx_word' id='word_1_98' title='bbox 357 1954 440 2007; x_wconf 82' lang='grc' dir='ltr'>διὰ</span> <span class='ocrx_word' id='word_1_99' title='bbox 464 1956 656 2025; x_wconf 86' lang='grc' dir='ltr'>χρόνου</span> <span class='ocrx_word' id='word_1_100' title='bbox 682 1952 936 2008; x_wconf 87' lang='grc' dir='ltr'>τοσούτου</span> <span class='ocrx_word' id='word_1_101' title='bbox 972 1958 1233 2011; x_wconf 87' lang='grc' dir='ltr'>κατιόντας</span> <span class='ocrx_word' id='word_1_102' title='bbox 1268 1956 1320 2011; x_wconf 85' lang='grc' dir='ltr'>ἐς</span> <span class='ocrx_word' id='word_1_103' title='bbox 1346 1955 1437 2023; x_wconf 83' lang='grc' dir='ltr'>τὴν</span> <span class='ocrx_word' id='word_1_104' title='bbox 1464 1955 1656 2026; x_wconf 88' lang='grc' dir='ltr'>σφετέ-</span> 
     </span>
     <span class='ocr_line' id='line_1_16' title="bbox 75 2032 1661 2105; baseline 0.003 -22"><span class='ocrx_word' id='word_1_105' title='bbox 75 2054 192 2105; x_wconf 84' lang='grc' dir='ltr'>ρην,</span> <span class='ocrx_word' id='word_1_106' title='bbox 222 2032 487 2099; x_wconf 80' lang='grc' dir='ltr'>ἐξεδέξατο</span> <span class='ocrx_word' id='word_1_107' title='bbox 515 2032 606 2085; x_wconf 81' lang='grc' dir='ltr'>οὐκ</span> <span class='ocrx_word' id='word_1_108' title='bbox 642 2032 888 2085; x_wconf 81' lang='grc' dir='ltr'>ἐλάσσων</span> <span class='ocrx_word' id='word_1_109' title='bbox 912 2035 1067 2087; x_wconf 87' lang='grc' dir='ltr'>πόνος</span> <span class='ocrx_word' id='word_1_110' title='bbox 1102 2037 1193 2086; x_wconf 84' lang='grc' dir='ltr'>τοῦ</span> <span class='ocrx_word' id='word_1_111' title='bbox 1220 2034 1470 2100; x_wconf 79' lang='grc' dir='ltr'>Μηδικοῦ’</span> <span class='ocrx_word' id='word_1_112' title='bbox 1514 2032 1661 2105; x_wconf 81' lang='grc' dir='ltr'>εὗρον</span> 
     </span>
     <span class='ocr_line' id='line_1_17' title="bbox 79 2108 1707 2183; baseline 0.002 -21"><span class='ocrx_word' id='word_1_113' title='bbox 79 2112 183 2181; x_wconf 79' lang='grc' dir='ltr'>γὰρ</span> <span class='ocrx_word' id='word_1_114' title='bbox 223 2108 548 2177; x_wconf 88' lang='grc' dir='ltr'>ἀντιουμένην</span> <span class='ocrx_word' id='word_1_115' title='bbox 584 2111 688 2181; x_wconf 90' lang='grc' dir='ltr'>σφι</span> <span class='ocrx_word' id='word_1_116' title='bbox 726 2110 969 2181; x_wconf 86' lang='grc' dir='ltr'>στρατιὴν</span> <span class='ocrx_word' id='word_1_117' title='bbox 996 2112 1086 2163; x_wconf 81' lang='grc' dir='ltr'>οὐκ</span> <span class='ocrx_word' id='word_1_118' title='bbox 1114 2111 1311 2182; x_wconf 82' lang='grc' dir='ltr'>ὀλίγην.</span> <span class='ocrx_word' id='word_1_119' title='bbox 1356 2113 1408 2163; x_wconf 77' lang='grc' dir='ltr'>αἱ</span> <span class='ocrx_word' id='word_1_120' title='bbox 1432 2112 1535 2183; x_wconf 76' lang='grc' dir='ltr'>γὰρ</span> <span class='ocrx_word' id='word_1_121' title='bbox 1561 2117 1661 2165; x_wconf 85' lang='grc' dir='ltr'>τῶν</span> <span class='ocrx_word' id='word_1_122' title='bbox 1680 2125 1707 2165; x_wconf 77' lang='grc'>6</span> 
     </span>
     <span class='ocr_line' id='line_1_18' title="bbox 79 2187 1663 2259; baseline -0.001 -17"><span class='ocrx_word' id='word_1_123' title='bbox 79 2187 317 2242; x_wconf 87' lang='grc' dir='ltr'>Σκυθέων</span> <span class='ocrx_word' id='word_1_124' title='bbox 358 2189 608 2259; x_wconf 80' lang='grc' dir='ltr'>γυναῖκες,</span> <span class='ocrx_word' id='word_1_125' title='bbox 651 2189 719 2243; x_wconf 79' lang='grc' dir='ltr'>ὥς</span> <span class='ocrx_word' id='word_1_126' title='bbox 766 2189 870 2259; x_wconf 90' lang='grc' dir='ltr'>σφι</span> <span class='ocrx_word' id='word_1_127' title='bbox 917 2188 966 2240; x_wconf 77' lang='grc' dir='ltr'>οἱ</span> <span class='ocrx_word' id='word_1_128' title='bbox 1009 2188 1188 2258; x_wconf 77' lang='grc' dir='ltr'>ἅνδρες</span> <span class='ocrx_word' id='word_1_129' title='bbox 1228 2190 1435 2256; x_wconf 86' lang='grc' dir='ltr'>ἀπῆσαν</span> <span class='ocrx_word' id='word_1_130' title='bbox 1476 2190 1663 2259; x_wconf 87' lang='grc' dir='ltr'>χρόνον</span> 
     </span>
     <span class='ocr_line' id='line_1_19' title="bbox 80 2263 1722 2337; baseline 0 -16"><span class='ocrx_word' id='word_1_131' title='bbox 80 2268 302 2327; x_wconf 84' lang='grc' dir='ltr'>πολλὸν,</span> <span class='ocrx_word' id='word_1_132' title='bbox 332 2266 571 2334; x_wconf 88' lang='grc' dir='ltr'>ἐφοίτεον</span> <span class='ocrx_word' id='word_1_133' title='bbox 595 2267 734 2337; x_wconf 82' lang='grc' dir='ltr'>παρὰ</span> <span class='ocrx_word' id='word_1_134' title='bbox 758 2265 878 2321; x_wconf 81' lang='grc' dir='ltr'>τοὺς</span> <span class='ocrx_word' id='word_1_135' title='bbox 905 2264 1141 2321; x_wconf 88' lang='grc' dir='ltr'>δούλους.</span> <span class='ocrx_word' id='word_1_136' title='bbox 1303 2266 1432 2321; x_wconf 77' lang='grc' dir='ltr'>Τοὺς</span> <span class='ocrx_word' id='word_1_137' title='bbox 1459 2266 1514 2319; x_wconf 79' lang='grc' dir='ltr'>δὲ</span> <span class='ocrx_word' id='word_1_138' title='bbox 1542 2263 1659 2318; x_wconf 84' lang='grc' dir='ltr'>δού-</span> <span class='ocrx_word' id='word_1_139' title='bbox 1684 2268 1722 2321; x_wconf 79' lang='lat'><em>2</em></span> 
     </span>
     <span class='ocr_line' id='line_1_20' title="bbox 82 2338 1665 2417; baseline -0.002 -19"><span class='ocrx_word' id='word_1_140' title='bbox 82 2347 211 2398; x_wconf 88' lang='grc' dir='ltr'>λους</span> <span class='ocrx_word' id='word_1_141' title='bbox 245 2345 296 2397; x_wconf 81' lang='grc' dir='ltr'>οἶ</span> <span class='ocrx_word' id='word_1_142' title='bbox 323 2342 510 2397; x_wconf 82' lang='grc' dir='ltr'>Σκύθαι</span> <span class='ocrx_word' id='word_1_143' title='bbox 543 2346 734 2399; x_wconf 83' lang='grc' dir='ltr'>πάντας</span> <span class='ocrx_word' id='word_1_144' title='bbox 768 2345 1054 2414; x_wconf 80' lang='grc' dir='ltr'>τυφλοῦσι,</span> <span class='ocrx_word' id='word_1_145' title='bbox 1082 2346 1174 2397; x_wconf 83' lang='grc' dir='ltr'>τοῦ</span> <span class='ocrx_word' id='word_1_146' title='bbox 1199 2344 1453 2417; x_wconf 81' lang='grc' dir='ltr'>γάλακτος</span> <span class='ocrx_word' id='word_1_147' title='bbox 1481 2338 1665 2396; x_wconf 80' lang='grc' dir='ltr'>εἵνεκεν</span> 
     </span>
     <span class='ocr_line' id='line_1_21' title="bbox 84 2422 1665 2492; baseline -0.001 -17"><span class='ocrx_word' id='word_1_148' title='bbox 84 2425 178 2475; x_wconf 87' lang='grc' dir='ltr'>τοῦ</span> <span class='ocrx_word' id='word_1_149' title='bbox 214 2422 442 2481; x_wconf 87' lang='grc' dir='ltr'>πίνουσι,</span> <span class='ocrx_word' id='word_1_150' title='bbox 471 2426 730 2476; x_wconf 86' lang='grc' dir='ltr'>ποιεῦντες</span> <span class='ocrx_word' id='word_1_151' title='bbox 767 2422 884 2476; x_wconf 76' lang='grc' dir='ltr'>ὧδε·</span> <span class='ocrx_word' id='word_1_152' title='bbox 929 2422 1082 2475; x_wconf 81' lang='grc' dir='ltr'>ἐπεὰν</span> <span class='ocrx_word' id='word_1_153' title='bbox 1116 2422 1419 2492; x_wconf 82' lang='grc' dir='ltr'>φυσητῆρας</span> <span class='ocrx_word' id='word_1_154' title='bbox 1452 2423 1665 2485; x_wconf 71' lang='grc' dir='ltr'>λάβωσι</span> 
     </span>
     <span class='ocr_line' id='line_1_22' title="bbox 86 2494 1665 2571; baseline 0.001 -18"><span class='ocrx_word' id='word_1_155' title='bbox 86 2494 352 2555; x_wconf 79' lang='grc' dir='ltr'>ὀστεΐνους</span> <span class='ocrx_word' id='word_1_156' title='bbox 371 2500 582 2553; x_wconf 81' lang='grc' dir='ltr'>αὐλοῖσι</span> <span class='ocrx_word' id='word_1_157' title='bbox 607 2501 1185 2571; x_wconf 84' lang='grc' dir='ltr'>προσεμφερεστάτους,</span> <span class='ocrx_word' id='word_1_158' title='bbox 1202 2497 1413 2555; x_wconf 87' lang='grc' dir='ltr'>τούτους</span> <span class='ocrx_word' id='word_1_159' title='bbox 1430 2499 1665 2555; x_wconf 82' lang='grc' dir='ltr'>ἐσθέντες</span> 
     </span>
     <span class='ocr_line' id='line_1_23' title="bbox 88 2574 1660 2650; baseline 0.001 -19"><span class='ocrx_word' id='word_1_160' title='bbox 88 2578 142 2633; x_wconf 88' lang='grc' dir='ltr'>ἐς</span> <span class='ocrx_word' id='word_1_161' title='bbox 167 2583 268 2633; x_wconf 83' lang='grc' dir='ltr'>τῶν</span> <span class='ocrx_word' id='word_1_162' title='bbox 294 2577 492 2646; x_wconf 83' lang='grc' dir='ltr'>θηλέων</span> <span class='ocrx_word' id='word_1_163' title='bbox 516 2574 686 2633; x_wconf 78' lang='grc' dir='ltr'>ἵππων</span> <span class='ocrx_word' id='word_1_164' title='bbox 710 2579 774 2631; x_wconf 80' lang='grc' dir='ltr'>τὰ</span> <span class='ocrx_word' id='word_1_165' title='bbox 800 2576 980 2649; x_wconf 75' lang='grc' dir='ltr'>ἄρθρα,</span> <span class='ocrx_word' id='word_1_166' title='bbox 1004 2581 1223 2650; x_wconf 79' lang='grc' dir='ltr'>φυσῶσι</span> <span class='ocrx_word' id='word_1_167' title='bbox 1249 2580 1387 2633; x_wconf 80' lang='grc' dir='ltr'>τοῖσι</span> <span class='ocrx_word' id='word_1_168' title='bbox 1415 2581 1660 2649; x_wconf 86' lang='grc' dir='ltr'>στόμασι·</span> 
     </span>
    </p>
   </div>
  </div>
 </body>
</html>
