<?xml version="1.0" encoding="UTF-8"?>
<!DOCTYPE html PUBLIC "-//W3C//DTD XHTML 1.0 Transitional//EN"
    "http://www.w3.org/TR/xhtml1/DTD/xhtml1-transitional.dtd">
<html xmlns="http://www.w3.org/1999/xhtml" xml:lang="en" lang="en">
 <head>
  <title>
</title>
<meta http-equiv="Content-Type" content="text/html;charset=utf-8" />
  <meta name='ocr-system' content='tesseract 3.04.00' />
  <meta name='ocr-capabilities' content='ocr_page ocr_carea ocr_par ocr_line ocrx_word'/>
</head>
<body>
  <div class='ocr_page' id='page_1' title='image "./herodotihistori00westgoog_0420.png"; bbox 0 0 1975 2892; ppageno 0'>
   <div class='ocr_carea' id='block_1_1' title="bbox 277 61 1853 172">
    <p class='ocr_par' dir='ltr' id='par_1_1' title="bbox 277 61 1841 172">
     <span class='ocr_line' id='line_1_1' title="bbox 277 61 1263 117; baseline -0.002 0"><span class='ocrx_word' id='word_1_1' title='bbox 277 61 393 117; x_wconf 87' lang='grc'>376</span> <span class='ocrx_word' id='word_1_2' title='bbox 861 75 952 116; x_wconf 78' lang='grc' dir='ltr'>Ηι</span> <span class='ocrx_word' id='word_1_3' title='bbox 963 74 1263 116; x_wconf 65' lang='lat' dir='ltr'>&lt;mouns</span> 
     </span>
     <span class='ocr_line' id='line_1_2' title="bbox 1562 125 1853 172; baseline -0.004 -11"><span class='ocrx_word' id='word_1_4' title='bbox 1562 125 1639 172; x_wconf 92' lang='lat' dir='ltr'>[A.</span> <span class='ocrx_word' id='word_1_5' title='bbox 1658 126 1703 162; x_wconf 80' lang='lat' dir='ltr'>C.</span> <span class='ocrx_word' id='word_1_6' title='bbox 1726 125 1853 162; x_wconf 57' lang='grc' dir='ltr'>(5.5υὸ-</span> 
     </span>
    </p>
   </div>
   <div class='ocr_carea' id='block_1_2' title="bbox 133 183 1868 2587">
    <p class='ocr_par' dir='ltr' id='par_1_2' title="bbox 137 183 1853 255">
     <span class='ocr_line' id='line_1_3' title="bbox 137 183 1853 255; baseline -0.004 -17"><span class='ocrx_word' id='word_1_7' title='bbox 137 185 250 241; x_wconf 82' lang='grc'>153</span> <span class='ocrx_word' id='word_1_8' title='bbox 270 191 332 244; x_wconf 76' lang='grc' dir='ltr'>Οἱ</span> <span class='ocrx_word' id='word_1_9' title='bbox 384 189 440 242; x_wconf 78' lang='grc' dir='ltr'>δέ</span> <span class='ocrx_word' id='word_1_10' title='bbox 493 189 726 255; x_wconf 79' lang='grc' dir='ltr'>Θηραῖοι,</span> <span class='ocrx_word' id='word_1_11' title='bbox 779 185 890 239; x_wconf 80' lang='grc' dir='ltr'>ἐπεί</span> <span class='ocrx_word' id='word_1_12' title='bbox 941 207 1000 240; x_wconf 87' lang='grc' dir='ltr'>τε</span> <span class='ocrx_word' id='word_1_13' title='bbox 1050 187 1141 237; x_wconf 83' lang='grc' dir='ltr'>τὸν</span> <span class='ocrx_word' id='word_1_14' title='bbox 1194 185 1461 253; x_wconf 79' lang='grc' dir='ltr'>ΚορῶΒιον</span> <span class='ocrx_word' id='word_1_15' title='bbox 1512 186 1767 238; x_wconf 72' lang='grc' dir='ltr'>λιπόντες</span> <span class='ocrx_word' id='word_1_16' title='bbox 1810 183 1853 232; x_wconf 80' lang='grc' dir='ltr'>ἐν</span> 
     </span>
    </p>

    <p class='ocr_par' dir='ltr' id='par_1_3' title="bbox 273 257 1853 336">
     <span class='ocr_line' id='line_1_4' title="bbox 273 257 1853 336; baseline -0.004 -20"><span class='ocrx_word' id='word_1_17' title='bbox 273 267 333 332; x_wconf 78' lang='grc' dir='ltr'>τῇ</span> <span class='ocrx_word' id='word_1_18' title='bbox 375 261 534 336; x_wconf 74' lang='grc' dir='ltr'>νήσῳ,</span> <span class='ocrx_word' id='word_1_19' title='bbox 577 263 816 316; x_wconf 81' lang='grc' dir='ltr'>ἀπίκοντο</span> <span class='ocrx_word' id='word_1_20' title='bbox 857 261 908 315; x_wconf 87' lang='grc' dir='ltr'>ἐς</span> <span class='ocrx_word' id='word_1_21' title='bbox 946 261 1039 328; x_wconf 80' lang='grc' dir='ltr'>τὴν</span> <span class='ocrx_word' id='word_1_22' title='bbox 1079 257 1265 326; x_wconf 89' lang='grc' dir='ltr'>Θήρην,</span> <span class='ocrx_word' id='word_1_23' title='bbox 1307 257 1613 328; x_wconf 80' lang='grc' dir='ltr'>ἇπήγγελον</span> <span class='ocrx_word' id='word_1_24' title='bbox 1654 261 1729 314; x_wconf 79' lang='grc' dir='ltr'>ὥς</span> <span class='ocrx_word' id='word_1_25' title='bbox 1770 261 1853 325; x_wconf 86' lang='grc' dir='ltr'>σφι</span> 
     </span>
    </p>

    <p class='ocr_par' dir='ltr' id='par_1_4' title="bbox 227 336 1855 718">
     <span class='ocr_line' id='line_1_5' title="bbox 227 336 1850 409; baseline -0.005 -13"><span class='ocrx_word' id='word_1_26' title='bbox 227 356 252 396; x_wconf 75' lang='lat'>2</span> <span class='ocrx_word' id='word_1_27' title='bbox 274 341 347 409; x_wconf 87' lang='grc' dir='ltr'>ε’ίη</span> <span class='ocrx_word' id='word_1_28' title='bbox 367 343 522 409; x_wconf 84' lang='grc' dir='ltr'>νῆσος</span> <span class='ocrx_word' id='word_1_29' title='bbox 537 341 620 394; x_wconf 79' lang='grc' dir='ltr'>ε’πὶ</span> <span class='ocrx_word' id='word_1_30' title='bbox 649 337 856 406; x_wconf 83' lang='grc' dir='ltr'>Λιβῦῃ’</span> <span class='ocrx_word' id='word_1_31' title='bbox 831 338 1117 406; x_wconf 87' lang='grc' dir='ltr'>εκτισμένη.</span> <span class='ocrx_word' id='word_1_32' title='bbox 1202 337 1471 407; x_wconf 78' lang='grc' dir='ltr'>Θηραίοισι</span> <span class='ocrx_word' id='word_1_33' title='bbox 1490 337 1548 389; x_wconf 82' lang='grc' dir='ltr'>δὲ</span> <span class='ocrx_word' id='word_1_34' title='bbox 1572 336 1696 389; x_wconf 81' lang='grc' dir='ltr'>ἕαδε</span> <span class='ocrx_word' id='word_1_35' title='bbox 1718 337 1850 389; x_wconf 81' lang='grc' dir='ltr'>ἀδελ-</span> 
     </span>
     <span class='ocr_line' id='line_1_6' title="bbox 273 416 1854 489; baseline -0.004 -16"><span class='ocrx_word' id='word_1_36' title='bbox 273 421 402 489; x_wconf 85' lang='grc' dir='ltr'>φεόν</span> <span class='ocrx_word' id='word_1_37' title='bbox 428 442 484 472; x_wconf 89' lang='grc' dir='ltr'>τε</span> <span class='ocrx_word' id='word_1_38' title='bbox 511 417 595 472; x_wconf 79' lang='grc' dir='ltr'>ἀπ’</span> <span class='ocrx_word' id='word_1_39' title='bbox 623 419 882 486; x_wconf 80' lang='grc' dir='ltr'>ἀδελφεοῦ</span> <span class='ocrx_word' id='word_1_40' title='bbox 917 418 1151 484; x_wconf 82' lang='grc' dir='ltr'>πέμπειν,</span> <span class='ocrx_word' id='word_1_41' title='bbox 1178 417 1329 487; x_wconf 85' lang='grc' dir='ltr'>πάλω</span> <span class='ocrx_word' id='word_1_42' title='bbox 1354 417 1611 482; x_wconf 77' lang='grc' dir='ltr'>λαχόντα·</span> <span class='ocrx_word' id='word_1_43' title='bbox 1656 416 1747 467; x_wconf 82' lang='grc' dir='ltr'>καὶ</span> <span class='ocrx_word' id='word_1_44' title='bbox 1773 416 1854 467; x_wconf 82' lang='grc' dir='ltr'>άπὸ</span> 
     </span>
     <span class='ocr_line' id='line_1_7' title="bbox 271 488 1857 566; baseline -0.005 -15"><span class='ocrx_word' id='word_1_45' title='bbox 271 503 372 551; x_wconf 82' lang='grc' dir='ltr'>τῶν</span> <span class='ocrx_word' id='word_1_46' title='bbox 423 499 606 566; x_wconf 81' lang='grc' dir='ltr'>χώρων</span> <span class='ocrx_word' id='word_1_47' title='bbox 657 499 906 556; x_wconf 83' lang='grc' dir='ltr'>ἁπάντων,</span> <span class='ocrx_word' id='word_1_48' title='bbox 953 496 1082 548; x_wconf 80' lang='grc' dir='ltr'>ἔπτὰ</span> <span class='ocrx_word' id='word_1_49' title='bbox 1135 493 1337 557; x_wconf 83' lang='grc' dir='ltr'>ἐόντων,</span> <span class='ocrx_word' id='word_1_50' title='bbox 1378 493 1585 562; x_wconf 82' lang='grc' dir='ltr'>ἅνδρας“</span> <span class='ocrx_word' id='word_1_51' title='bbox 1633 488 1771 545; x_wconf 81' lang='grc' dir='ltr'>εἶναι</span> <span class='ocrx_word' id='word_1_52' title='bbox 1812 492 1857 545; x_wconf 78' lang='grc' dir='ltr'>δέ</span> 
     </span>
     <span class='ocr_line' id='line_1_8' title="bbox 273 567 1855 646; baseline -0.004 -18"><span class='ocrx_word' id='word_1_53' title='bbox 273 577 456 644; x_wconf 85' lang='grc' dir='ltr'>σφεων</span> <span class='ocrx_word' id='word_1_54' title='bbox 481 577 562 628; x_wconf 79' lang='grc' dir='ltr'>καὶ</span> <span class='ocrx_word' id='word_1_55' title='bbox 589 573 808 646; x_wconf 84' lang='grc' dir='ltr'>ἡγεμόνα</span> <span class='ocrx_word' id='word_1_56' title='bbox 833 573 914 626; x_wconf 84' lang='grc' dir='ltr'>καὶ</span> <span class='ocrx_word' id='word_1_57' title='bbox 941 571 1167 634; x_wconf 82' lang='grc' dir='ltr'>βασιλέα</span> <span class='ocrx_word' id='word_1_58' title='bbox 1196 572 1405 624; x_wconf 87' lang='grc' dir='ltr'>Βάττον.</span> <span class='ocrx_word' id='word_1_59' title='bbox 1448 567 1586 622; x_wconf 76' lang='grc' dir='ltr'>οὕτω</span> <span class='ocrx_word' id='word_1_60' title='bbox 1608 571 1675 638; x_wconf 79' lang='grc' dir='ltr'>δὴ</span> <span class='ocrx_word' id='word_1_61' title='bbox 1708 572 1855 624; x_wconf 86' lang='grc' dir='ltr'>στέλ-</span> 
     </span>
     <span class='ocr_line' id='line_1_9' title="bbox 269 648 1469 718; baseline -0.003 -13"><span class='ocrx_word' id='word_1_62' title='bbox 269 655 428 706; x_wconf 87' lang='grc' dir='ltr'>λουσι</span> <span class='ocrx_word' id='word_1_63' title='bbox 455 651 547 707; x_wconf 77' lang='grc' dir='ltr'>δύο</span> <span class='ocrx_word' id='word_1_64' title='bbox 573 651 995 718; x_wconf 79' lang='grc' dir='ltr'>πεντηκοντέρους</span> <span class='ocrx_word' id='word_1_65' title='bbox 1022 651 1072 705; x_wconf 86' lang='grc' dir='ltr'>ἐς</span> <span class='ocrx_word' id='word_1_66' title='bbox 1099 649 1190 716; x_wconf 81' lang='grc' dir='ltr'>τὴν</span> <span class='ocrx_word' id='word_1_67' title='bbox 1214 648 1469 702; x_wconf 82' lang='grc' dir='ltr'>Πλατέαν.</span> 
     </span>
    </p>

    <p class='ocr_par' dir='ltr' id='par_1_5' title="bbox 137 727 1861 953">
     <span class='ocr_line' id='line_1_10' title="bbox 137 727 1861 800; baseline -0.005 -13"><span class='ocrx_word' id='word_1_68' title='bbox 137 734 246 789; x_wconf 81' lang='lat'>154</span> <span class='ocrx_word' id='word_1_69' title='bbox 368 736 537 787; x_wconf 83' lang='grc' dir='ltr'>Ταῦτα</span> <span class='ocrx_word' id='word_1_70' title='bbox 589 732 646 785; x_wconf 76' lang='grc' dir='ltr'>δὲ</span> <span class='ocrx_word' id='word_1_71' title='bbox 701 735 912 799; x_wconf 84' lang='grc' dir='ltr'>Θηραῖοι</span> <span class='ocrx_word' id='word_1_72' title='bbox 963 731 1199 800; x_wconf 86' lang='grc' dir='ltr'>λέγουσι·</span> <span class='ocrx_word' id='word_1_73' title='bbox 1268 729 1333 782; x_wconf 76' lang='grc' dir='ltr'>τὰ</span> <span class='ocrx_word' id='word_1_74' title='bbox 1379 727 1421 782; x_wconf 83' lang='grc' dir='ltr'>δ’</span> <span class='ocrx_word' id='word_1_75' title='bbox 1472 727 1729 781; x_wconf 51' lang='lat' dir='ltr'>&amp;raom-a</span> <span class='ocrx_word' id='word_1_76' title='bbox 1779 729 1861 781; x_wconf 80' lang='grc' dir='ltr'>τοῦ</span> 
     </span>
     <span class='ocr_line' id='line_1_11' title="bbox 271 803 1855 875; baseline 0 -19"><span class='ocrx_word' id='word_1_77' title='bbox 271 807 433 875; x_wconf 88' lang='grc' dir='ltr'>λόγου</span> <span class='ocrx_word' id='word_1_78' title='bbox 470 805 820 875; x_wconf 84' lang='grc' dir='ltr'>συμφέρονται</span> <span class='ocrx_word' id='word_1_79' title='bbox 866 807 959 872; x_wconf 78' lang='grc' dir='ltr'>ἤδη</span> <span class='ocrx_word' id='word_1_80' title='bbox 994 805 1206 875; x_wconf 81' lang='grc' dir='ltr'>Θηραῖοι</span> <span class='ocrx_word' id='word_1_81' title='bbox 1248 803 1603 873; x_wconf 79' lang='grc' dir='ltr'>Κυρηναίοισι.</span> <span class='ocrx_word' id='word_1_82' title='bbox 1694 812 1855 870; x_wconf 80' lang='grc' dir='ltr'>Κυρη-</span> 
     </span>
     <span class='ocr_line' id='line_1_12' title="bbox 273 881 1857 953; baseline -0.001 -19"><span class='ocrx_word' id='word_1_83' title='bbox 273 887 402 935; x_wconf 86' lang='grc' dir='ltr'>ναῖοι</span> <span class='ocrx_word' id='word_1_84' title='bbox 426 884 527 952; x_wconf 84' lang='grc' dir='ltr'>γὰρ</span> <span class='ocrx_word' id='word_1_85' title='bbox 555 883 618 936; x_wconf 82' lang='grc' dir='ltr'>τὰ</span> <span class='ocrx_word' id='word_1_86' title='bbox 642 884 759 953; x_wconf 79' lang='grc' dir='ltr'>περὶ</span> <span class='ocrx_word' id='word_1_87' title='bbox 796 885 990 936; x_wconf 85' lang='grc' dir='ltr'>Βάττον</span> <span class='ocrx_word' id='word_1_88' title='bbox 1028 883 1258 949; x_wconf 78' lang='grc' dir='ltr'>οὐδαμῶς</span> <span class='ocrx_word' id='word_1_89' title='bbox 1289 881 1640 952; x_wconf 82' lang='grc' dir='ltr'>ὁμολογέουσι</span> <span class='ocrx_word' id='word_1_90' title='bbox 1670 883 1857 951; x_wconf 88' lang='grc' dir='ltr'>Θηραί-</span> 
     </span>
    </p>

    <p class='ocr_par' dir='ltr' id='par_1_6' title="bbox 218 957 1868 1186">
     <span class='ocr_line' id='line_1_13' title="bbox 218 957 1859 1033; baseline 0.001 -21"><span class='ocrx_word' id='word_1_91' title='bbox 218 977 244 1019; x_wconf 72' lang='lat'>2</span> <span class='ocrx_word' id='word_1_92' title='bbox 271 981 398 1014; x_wconf 92' lang='grc' dir='ltr'>οισι.</span> <span class='ocrx_word' id='word_1_93' title='bbox 440 961 659 1031; x_wconf 88' lang='grc' dir='ltr'>λέγουσι</span> <span class='ocrx_word' id='word_1_94' title='bbox 683 962 784 1033; x_wconf 79' lang='grc' dir='ltr'>γὰρ</span> <span class='ocrx_word' id='word_1_95' title='bbox 816 958 967 1014; x_wconf 78' lang='grc' dir='ltr'>οὕτω·</span> <span class='ocrx_word' id='word_1_96' title='bbox 1013 961 1127 1014; x_wconf 79' lang='grc' dir='ltr'>ἔστι</span> <span class='ocrx_word' id='word_1_97' title='bbox 1158 961 1248 1027; x_wconf 83' lang='grc' dir='ltr'>τῆς</span> <span class='ocrx_word' id='word_1_98' title='bbox 1275 957 1474 1030; x_wconf 79' lang='grc' dir='ltr'>Κρήτης</span> <span class='ocrx_word' id='word_1_99' title='bbox 1498 958 1659 1025; x_wconf 78' lang='grc' dir='ltr'>Ἀξὸς</span> <span class='ocrx_word' id='word_1_100' title='bbox 1684 963 1859 1019; x_wconf 82' lang='grc' dir='ltr'>πόλις,</span> 
     </span>
     <span class='ocr_line' id='line_1_14' title="bbox 271 1035 1861 1111; baseline 0 -22"><span class='ocrx_word' id='word_1_101' title='bbox 271 1037 325 1089; x_wconf 84' lang='grc' dir='ltr'>ἐν</span> <span class='ocrx_word' id='word_1_102' title='bbox 350 1041 411 1106; x_wconf 82' lang='grc' dir='ltr'>τῇ</span> <span class='ocrx_word' id='word_1_103' title='bbox 441 1038 641 1111; x_wconf 81' lang='grc' dir='ltr'>ἐγένετο</span> <span class='ocrx_word' id='word_1_104' title='bbox 666 1039 944 1110; x_wconf 85' lang='grc' dir='ltr'>Ἐτέαρχος</span> <span class='ocrx_word' id='word_1_105' title='bbox 969 1035 1240 1103; x_wconf 73' lang='grc' dir='ltr'>βασιλεύς·</span> <span class='ocrx_word' id='word_1_106' title='bbox 1284 1037 1342 1093; x_wconf 83' lang='grc' dir='ltr'>ὃς</span> <span class='ocrx_word' id='word_1_107' title='bbox 1368 1037 1453 1090; x_wconf 77' lang='grc' dir='ltr'>ἐπὶ</span> <span class='ocrx_word' id='word_1_108' title='bbox 1480 1037 1702 1108; x_wconf 79' lang='grc' dir='ltr'>θυγατρὶ</span> <span class='ocrx_word' id='word_1_109' title='bbox 1732 1036 1861 1105; x_wconf 75' lang='grc' dir='ltr'>ἀμή-</span> 
     </span>
     <span class='ocr_line' id='line_1_15' title="bbox 269 1113 1868 1186; baseline 0.001 -20"><span class='ocrx_word' id='word_1_110' title='bbox 269 1135 399 1185; x_wconf 86' lang='grc' dir='ltr'>τορι,</span> <span class='ocrx_word' id='word_1_111' title='bbox 447 1118 511 1184; x_wconf 77' lang='grc' dir='ltr'>τῇ</span> <span class='ocrx_word' id='word_1_112' title='bbox 552 1119 741 1184; x_wconf 78' lang='grc' dir='ltr'>οὔνομα</span> <span class='ocrx_word' id='word_1_113' title='bbox 781 1116 844 1185; x_wconf 80' lang='grc' dir='ltr'>ἦν</span> <span class='ocrx_word' id='word_1_114' title='bbox 889 1117 1130 1186; x_wconf 79' lang='grc' dir='ltr'>Φρονίμη,</span> <span class='ocrx_word' id='word_1_115' title='bbox 1169 1115 1253 1170; x_wconf 82' lang='grc' dir='ltr'>ἐπὶ</span> <span class='ocrx_word' id='word_1_116' title='bbox 1294 1113 1448 1182; x_wconf 73' lang='grc' dir='ltr'>ταύτῃ</span> <span class='ocrx_word' id='word_1_117' title='bbox 1492 1116 1651 1185; x_wconf 76' lang='grc' dir='ltr'>ἔγημε</span> <span class='ocrx_word' id='word_1_118' title='bbox 1690 1115 1868 1182; x_wconf 71' lang='grc' dir='ltr'>ἄλλην</span> 
     </span>
    </p>

    <p class='ocr_par' dir='ltr' id='par_1_7' title="bbox 217 1193 1867 1424">
     <span class='ocr_line' id='line_1_16' title="bbox 217 1193 1867 1291; baseline 0.001 -46"><span class='ocrx_word' id='word_1_119' title='bbox 217 1213 242 1254; x_wconf 68' lang='lat'>⁸</span> <span class='ocrx_word' id='word_1_120' title='bbox 268 1196 495 1263; x_wconf 86' lang='grc' dir='ltr'>γυναῖκα.</span> <span class='ocrx_word' id='word_1_121' title='bbox 539 1193 569 1261; x_wconf 84' lang='grc' dir='ltr'><strong><em>ἦ</em></strong></span> <span class='ocrx_word' id='word_1_122' title='bbox 603 1196 658 1247; x_wconf 88' lang='grc' dir='ltr'>δε</span> <span class='ocrx_word' id='word_1_123' title='bbox 699 1195 1062 1249; x_wconf 66' lang='grc' dir='ltr'>ἐπεσελθοῦσα</span> <span class='ocrx_word' id='word_1_124' title='bbox 1089 1195 1303 1248; x_wconf 79' lang='grc' dir='ltr'>ἐδικαίευ</span> <span class='ocrx_word' id='word_1_125' title='bbox 1340 1215 1463 1246; x_wconf 89' lang='grc' dir='ltr'>ειναι</span> <span class='ocrx_word' id='word_1_126' title='bbox 1490 1194 1569 1246; x_wconf 81' lang='grc' dir='ltr'>καὶ</span> <span class='ocrx_word' id='word_1_127' title='bbox 1611 1198 1709 1286; x_wconf 52' lang='grc' dir='ltr'>τῷΑ</span> <span class='ocrx_word' id='word_1_128' title='bbox 1724 1215 1867 1291; x_wconf 71' lang='grc' dir='ltr'>εργφ</span> 
     </span>
     <span class='ocr_line' id='line_1_17' title="bbox 268 1268 1864 1343; baseline 0.002 -20"><span class='ocrx_word' id='word_1_129' title='bbox 268 1271 480 1343; x_wconf 89' lang='grc' dir='ltr'>μητρυιη</span> <span class='ocrx_word' id='word_1_130' title='bbox 518 1273 578 1339; x_wconf 81' lang='grc' dir='ltr'>τῇ</span> <span class='ocrx_word' id='word_1_131' title='bbox 622 1273 864 1342; x_wconf 82' lang='grc' dir='ltr'>Φρονίμῃ,</span> <span class='ocrx_word' id='word_1_132' title='bbox 897 1274 1203 1343; x_wconf 82' lang='grc' dir='ltr'>παρέχουσά</span> <span class='ocrx_word' id='word_1_133' title='bbox 1237 1294 1293 1324; x_wconf 89' lang='grc' dir='ltr'>τε</span> <span class='ocrx_word' id='word_1_134' title='bbox 1336 1273 1477 1332; x_wconf 79' lang='grc' dir='ltr'>κακὰ,</span> <span class='ocrx_word' id='word_1_135' title='bbox 1517 1272 1599 1323; x_wconf 83' lang='grc' dir='ltr'>καὶ</span> <span class='ocrx_word' id='word_1_136' title='bbox 1635 1273 1745 1324; x_wconf 79' lang='grc' dir='ltr'>πᾶν</span> <span class='ocrx_word' id='word_1_137' title='bbox 1778 1268 1864 1326; x_wconf 78' lang='grc' dir='ltr'>ἐπ’</span> 
     </span>
     <span class='ocr_line' id='line_1_18' title="bbox 262 1350 1859 1424; baseline 0 -16"><span class='ocrx_word' id='word_1_138' title='bbox 262 1357 386 1424; x_wconf 80' lang='grc' dir='ltr'>αὐτῇ</span> <span class='ocrx_word' id='word_1_139' title='bbox 425 1353 770 1424; x_wconf 83' lang='grc' dir='ltr'>μηχανωμένη·</span> <span class='ocrx_word' id='word_1_140' title='bbox 827 1374 907 1407; x_wconf 86' lang='grc' dir='ltr'>και</span> <span class='ocrx_word' id='word_1_141' title='bbox 946 1353 1121 1414; x_wconf 89' lang='grc' dir='ltr'>τέλος,</span> <span class='ocrx_word' id='word_1_142' title='bbox 1163 1350 1504 1421; x_wconf 76' lang='grc' dir='ltr'>μαχλοσύνην</span> <span class='ocrx_word' id='word_1_143' title='bbox 1544 1352 1859 1408; x_wconf 79' lang='grc' dir='ltr'>ἐπενείκασά</span> 
     </span>
    </p>

    <p class='ocr_par' dir='ltr' id='par_1_8' title="bbox 213 1426 1859 1738">
     <span class='ocr_line' id='line_1_19' title="bbox 213 1426 1856 1502; baseline -0.001 -14"><span class='ocrx_word' id='word_1_144' title='bbox 213 1449 243 1488; x_wconf 79' lang='lat'>4</span> <span class='ocrx_word' id='word_1_145' title='bbox 267 1436 330 1492; x_wconf 83' lang='grc' dir='ltr'>οἱ,</span> <span class='ocrx_word' id='word_1_146' title='bbox 359 1432 524 1486; x_wconf 84' lang='grc' dir='ltr'>πείθει</span> <span class='ocrx_word' id='word_1_147' title='bbox 565 1434 654 1486; x_wconf 86' lang='grc' dir='ltr'>τὸν</span> <span class='ocrx_word' id='word_1_148' title='bbox 685 1431 842 1502; x_wconf 87' lang='grc' dir='ltr'>ανδρα</span> <span class='ocrx_word' id='word_1_149' title='bbox 875 1434 1034 1484; x_wconf 87' lang='grc' dir='ltr'>ταῦτα</span> <span class='ocrx_word' id='word_1_150' title='bbox 1075 1433 1212 1500; x_wconf 79' lang='grc' dir='ltr'>ἔχειν</span> <span class='ocrx_word' id='word_1_151' title='bbox 1256 1426 1411 1482; x_wconf 76' lang='grc' dir='ltr'>οὕτω.</span> <span class='ocrx_word' id='word_1_152' title='bbox 1457 1433 1486 1483; x_wconf 84' lang='grc' dir='ltr'>ὁ</span> <span class='ocrx_word' id='word_1_153' title='bbox 1515 1430 1589 1490; x_wconf 78' lang='grc' dir='ltr'>δὲ,</span> <span class='ocrx_word' id='word_1_154' title='bbox 1619 1431 1856 1502; x_wconf 79' lang='grc' dir='ltr'>ἀνα-γνω-</span> 
     </span>
     <span class='ocr_line' id='line_1_20' title="bbox 266 1507 1859 1580; baseline 0.001 -17"><span class='ocrx_word' id='word_1_155' title='bbox 266 1511 408 1566; x_wconf 79' lang='grc' dir='ltr'>σθεὶς</span> <span class='ocrx_word' id='word_1_156' title='bbox 435 1511 535 1564; x_wconf 84' lang='grc' dir='ltr'>ὑπὸ</span> <span class='ocrx_word' id='word_1_157' title='bbox 561 1512 650 1577; x_wconf 81' lang='grc' dir='ltr'>τῆς</span> <span class='ocrx_word' id='word_1_158' title='bbox 689 1511 939 1580; x_wconf 82' lang='grc' dir='ltr'>γυναικὸς,</span> <span class='ocrx_word' id='word_1_159' title='bbox 969 1511 1121 1579; x_wconf 79' lang='grc' dir='ltr'>ἔργον</span> <span class='ocrx_word' id='word_1_160' title='bbox 1147 1508 1240 1561; x_wconf 81' lang='grc' dir='ltr'>οὐκ</span> <span class='ocrx_word' id='word_1_161' title='bbox 1270 1507 1421 1560; x_wconf 83' lang='grc' dir='ltr'>ὅσιον</span> <span class='ocrx_word' id='word_1_162' title='bbox 1448 1508 1735 1577; x_wconf 78' lang='grc' dir='ltr'>ἐμηχανᾶτο</span> <span class='ocrx_word' id='word_1_163' title='bbox 1770 1510 1859 1564; x_wconf 78' lang='grc' dir='ltr'>ἐπὶ</span> 
     </span>
     <span class='ocr_line' id='line_1_21' title="bbox 265 1585 1855 1658; baseline 0.001 -18"><span class='ocrx_word' id='word_1_164' title='bbox 265 1593 324 1656; x_wconf 80' lang='grc' dir='ltr'>τῇ</span> <span class='ocrx_word' id='word_1_165' title='bbox 353 1588 584 1658; x_wconf 89' lang='grc' dir='ltr'>θυγατρί.</span> <span class='ocrx_word' id='word_1_166' title='bbox 627 1585 688 1654; x_wconf 82' lang='grc' dir='ltr'>ἦν</span> <span class='ocrx_word' id='word_1_167' title='bbox 711 1588 811 1658; x_wconf 84' lang='grc' dir='ltr'>γὰρ</span> <span class='ocrx_word' id='word_1_168' title='bbox 839 1588 899 1654; x_wconf 79' lang='grc' dir='ltr'>δὴ</span> <span class='ocrx_word' id='word_1_169' title='bbox 929 1587 1189 1653; x_wconf 82' lang='grc' dir='ltr'>Θεμίσων,</span> <span class='ocrx_word' id='word_1_170' title='bbox 1211 1586 1337 1656; x_wconf 83' lang='grc' dir='ltr'>ἀνὴρ</span> <span class='ocrx_word' id='word_1_171' title='bbox 1360 1590 1578 1655; x_wconf 85' lang='grc' dir='ltr'>Θηραῖος</span> <span class='ocrx_word' id='word_1_172' title='bbox 1604 1587 1855 1656; x_wconf 79' lang='grc' dir='ltr'>ἔμπορος,</span> 
     </span>
     <span class='ocr_line' id='line_1_22' title="bbox 264 1663 1853 1738; baseline 0.001 -20"><span class='ocrx_word' id='word_1_173' title='bbox 264 1667 317 1718; x_wconf 89' lang='grc' dir='ltr'>ἐν</span> <span class='ocrx_word' id='word_1_174' title='bbox 342 1667 404 1735; x_wconf 74' lang='grc' dir='ltr'>τῇ</span> <span class='ocrx_word' id='word_1_175' title='bbox 439 1665 590 1738; x_wconf 77' lang='grc' dir='ltr'>Ἀξῲ·</span> <span class='ocrx_word' id='word_1_176' title='bbox 633 1669 814 1718; x_wconf 86' lang='grc' dir='ltr'>τοῦτον</span> <span class='ocrx_word' id='word_1_177' title='bbox 841 1667 869 1716; x_wconf 89' lang='grc' dir='ltr'>ὁ</span> <span class='ocrx_word' id='word_1_178' title='bbox 894 1663 1172 1733; x_wconf 83' lang='grc' dir='ltr'>Ἐτέαρχος</span> <span class='ocrx_word' id='word_1_179' title='bbox 1210 1665 1529 1733; x_wconf 76' lang='grc' dir='ltr'>παραλαβὼν</span> <span class='ocrx_word' id='word_1_180' title='bbox 1555 1665 1641 1719; x_wconf 79' lang='grc' dir='ltr'>ἐπὶ</span> <span class='ocrx_word' id='word_1_181' title='bbox 1668 1665 1853 1731; x_wconf 76' lang='grc' dir='ltr'>ξείνια,</span> 
     </span>
    </p>

    <p class='ocr_par' dir='ltr' id='par_1_9' title="bbox 217 1740 1855 1891">
     <span class='ocr_line' id='line_1_23' title="bbox 217 1740 1855 1814; baseline 0 -18"><span class='ocrx_word' id='word_1_182' title='bbox 217 1757 242 1797; x_wconf 72' lang='grc'><strong>5</strong></span> <span class='ocrx_word' id='word_1_183' title='bbox 265 1745 482 1814; x_wconf 80' lang='grc' dir='ltr'>ἐξορκοῖ,</span> <span class='ocrx_word' id='word_1_184' title='bbox 511 1740 540 1809; x_wconf 84' lang='grc' dir='ltr'><strong><em>ἦ</em></strong></span> <span class='ocrx_word' id='word_1_185' title='bbox 583 1741 676 1811; x_wconf 84' lang='grc' dir='ltr'>μέν</span> <span class='ocrx_word' id='word_1_186' title='bbox 701 1743 750 1795; x_wconf 74' lang='grc' dir='ltr'>οἱ</span> <span class='ocrx_word' id='word_1_187' title='bbox 790 1740 1107 1810; x_wconf 81' lang='grc' dir='ltr'>διηκονήσειν</span> <span class='ocrx_word' id='word_1_188' title='bbox 1136 1741 1165 1794; x_wconf 81' lang='grc' dir='ltr'>ὅ</span> <span class='ocrx_word' id='word_1_189' title='bbox 1190 1762 1239 1794; x_wconf 90' lang='grc' dir='ltr'>τι</span> <span class='ocrx_word' id='word_1_190' title='bbox 1266 1742 1327 1794; x_wconf 74' lang='grc' dir='ltr'>ἂν</span> <span class='ocrx_word' id='word_1_191' title='bbox 1354 1742 1521 1810; x_wconf 79' lang='grc' dir='ltr'>δεηθῇ.</span> <span class='ocrx_word' id='word_1_192' title='bbox 1566 1743 1680 1795; x_wconf 88' lang='grc' dir='ltr'>ἐπεί</span> <span class='ocrx_word' id='word_1_193' title='bbox 1706 1765 1765 1795; x_wconf 89' lang='grc' dir='ltr'>τε</span> <span class='ocrx_word' id='word_1_194' title='bbox 1796 1745 1855 1796; x_wconf 80' lang='grc' dir='ltr'>δὲ</span> 
     </span>
     <span class='ocr_line' id='line_1_24' title="bbox 264 1819 1850 1891; baseline -0.001 -17"><span class='ocrx_word' id='word_1_195' title='bbox 264 1823 539 1891; x_wconf 79' lang='grc' dir='ltr'>ἐξόρκωσε,</span> <span class='ocrx_word' id='word_1_196' title='bbox 569 1821 772 1891; x_wconf 79' lang='grc' dir='ltr'>ἀγαγών</span> <span class='ocrx_word' id='word_1_197' title='bbox 810 1821 861 1872; x_wconf 73' lang='grc' dir='ltr'>οἱ</span> <span class='ocrx_word' id='word_1_198' title='bbox 902 1820 1173 1889; x_wconf 81' lang='grc' dir='ltr'>παραδιδοῖ</span> <span class='ocrx_word' id='word_1_199' title='bbox 1213 1819 1303 1886; x_wconf 85' lang='grc' dir='ltr'>τὴν</span> <span class='ocrx_word' id='word_1_200' title='bbox 1338 1821 1529 1872; x_wconf 79' lang='grc' dir='ltr'>ἑωυτοῦ</span> <span class='ocrx_word' id='word_1_201' title='bbox 1573 1820 1850 1890; x_wconf 83' lang='grc' dir='ltr'>θυγατέρα,</span> 
     </span>
    </p>

    <p class='ocr_par' dir='ltr' id='par_1_10' title="bbox 219 1897 1848 2044">
     <span class='ocr_line' id='line_1_25' title="bbox 219 1897 1848 1968; baseline 0.001 -17"><span class='ocrx_word' id='word_1_202' title='bbox 219 1912 244 1952; x_wconf 74' lang='grc'>6</span> <span class='ocrx_word' id='word_1_203' title='bbox 265 1901 345 1951; x_wconf 88' lang='grc' dir='ltr'>καὶ</span> <span class='ocrx_word' id='word_1_204' title='bbox 387 1897 572 1963; x_wconf 76' lang='grc' dir='ltr'>ταύτην</span> <span class='ocrx_word' id='word_1_205' title='bbox 612 1898 821 1950; x_wconf 85' lang='grc' dir='ltr'>ἐκέλευε</span> <span class='ocrx_word' id='word_1_206' title='bbox 869 1901 1256 1952; x_wconf 81' lang='grc' dir='ltr'>καταποντῶσαι</span> <span class='ocrx_word' id='word_1_207' title='bbox 1298 1897 1645 1968; x_wconf 79' lang='grc' dir='ltr'>ἀπαγαγόντα.</span> <span class='ocrx_word' id='word_1_208' title='bbox 1710 1901 1740 1950; x_wconf 87' lang='grc' dir='ltr'><strong><em>ὁ</em></strong></span> <span class='ocrx_word' id='word_1_209' title='bbox 1792 1901 1848 1952; x_wconf 76' lang='grc' dir='ltr'>δὲ</span> 
     </span>
     <span class='ocr_line' id='line_1_26' title="bbox 264 1972 1847 2044; baseline 0.001 -16"><span class='ocrx_word' id='word_1_210' title='bbox 264 1979 520 2042; x_wconf 86' lang='grc' dir='ltr'>Θεμίσων,</span> <span class='ocrx_word' id='word_1_211' title='bbox 549 1972 952 2044; x_wconf 80' lang='grc' dir='ltr'>περιημεκτήσας</span> <span class='ocrx_word' id='word_1_212' title='bbox 994 1979 1055 2042; x_wconf 79' lang='grc' dir='ltr'>τῇ</span> <span class='ocrx_word' id='word_1_213' title='bbox 1089 1975 1254 2041; x_wconf 79' lang='grc' dir='ltr'>ἀπάτῃ</span> <span class='ocrx_word' id='word_1_214' title='bbox 1295 1979 1388 2027; x_wconf 85' lang='grc' dir='ltr'>τοῦ</span> <span class='ocrx_word' id='word_1_215' title='bbox 1415 1974 1589 2042; x_wconf 85' lang='grc' dir='ltr'>ὅρκου,</span> <span class='ocrx_word' id='word_1_216' title='bbox 1618 1977 1703 2028; x_wconf 82' lang='grc' dir='ltr'>καὶ</span> <span class='ocrx_word' id='word_1_217' title='bbox 1730 1977 1847 2030; x_wconf 86' lang='grc' dir='ltr'>δια-</span> 
     </span>
    </p>

    <p class='ocr_par' dir='ltr' id='par_1_11' title="bbox 218 2052 1849 2353">
     <span class='ocr_line' id='line_1_27' title="bbox 218 2052 1849 2122; baseline -0.001 -14"><span class='ocrx_word' id='word_1_218' title='bbox 218 2061 244 2108; x_wconf 71' lang='grc' dir='ltr'><em>Ὶ</em></span> <span class='ocrx_word' id='word_1_219' title='bbox 263 2055 550 2120; x_wconf 87' lang='grc' dir='ltr'>λυσάμενος</span> <span class='ocrx_word' id='word_1_220' title='bbox 591 2052 682 2117; x_wconf 87' lang='grc' dir='ltr'>τὴν</span> <span class='ocrx_word' id='word_1_221' title='bbox 715 2052 918 2119; x_wconf 79' lang='grc' dir='ltr'>ξεινίην,</span> <span class='ocrx_word' id='word_1_222' title='bbox 953 2052 1120 2105; x_wconf 80' lang='grc' dir='ltr'>ἐποίεε</span> <span class='ocrx_word' id='word_1_223' title='bbox 1165 2053 1353 2106; x_wconf 78' lang='grc' dir='ltr'>τοιάδε.</span> <span class='ocrx_word' id='word_1_224' title='bbox 1396 2055 1716 2122; x_wconf 78' lang='grc' dir='ltr'>παραλαβὼν</span> <span class='ocrx_word' id='word_1_225' title='bbox 1750 2055 1849 2122; x_wconf 78' lang='grc' dir='ltr'>τὴν</span> 
     </span>
     <span class='ocr_line' id='line_1_28' title="bbox 261 2129 1844 2202; baseline -0.001 -16"><span class='ocrx_word' id='word_1_226' title='bbox 261 2133 418 2186; x_wconf 85' lang='grc' dir='ltr'>παῖδα</span> <span class='ocrx_word' id='word_1_227' title='bbox 443 2130 685 2184; x_wconf 84' lang='grc' dir='ltr'>ἀπέπλεε·</span> <span class='ocrx_word' id='word_1_228' title='bbox 731 2130 799 2185; x_wconf 81' lang='grc' dir='ltr'>ὣς</span> <span class='ocrx_word' id='word_1_229' title='bbox 826 2130 881 2184; x_wconf 81' lang='grc' dir='ltr'>δὲ</span> <span class='ocrx_word' id='word_1_230' title='bbox 909 2129 1107 2200; x_wconf 86' lang='grc' dir='ltr'>ἐγένετο</span> <span class='ocrx_word' id='word_1_231' title='bbox 1150 2130 1204 2183; x_wconf 87' lang='grc' dir='ltr'>ἐν</span> <span class='ocrx_word' id='word_1_232' title='bbox 1229 2134 1301 2202; x_wconf 76' lang='grc' dir='ltr'>τῷ</span> <span class='ocrx_word' id='word_1_233' title='bbox 1326 2132 1558 2199; x_wconf 85' lang='grc' dir='ltr'>πελάγεῖ,</span> <span class='ocrx_word' id='word_1_234' title='bbox 1588 2131 1844 2184; x_wconf 74' lang='grc' dir='ltr'>ἀποσιεύ-</span> 
     </span>
     <span class='ocr_line' id='line_1_29' title="bbox 258 2206 1844 2278; baseline 0.001 -18"><span class='ocrx_word' id='word_1_235' title='bbox 258 2231 411 2277; x_wconf 80' lang='grc' dir='ltr'>μενος</span> <span class='ocrx_word' id='word_1_236' title='bbox 449 2209 541 2276; x_wconf 83' lang='grc' dir='ltr'>τὴν</span> <span class='ocrx_word' id='word_1_237' title='bbox 579 2207 858 2277; x_wconf 78' lang='grc' dir='ltr'>ἐξόρκωσιν</span> <span class='ocrx_word' id='word_1_238' title='bbox 892 2211 983 2260; x_wconf 85' lang='grc' dir='ltr'>τοῦ</span> <span class='ocrx_word' id='word_1_239' title='bbox 1025 2206 1323 2278; x_wconf 82' lang='grc' dir='ltr'>Ἐτεάρχου,</span> <span class='ocrx_word' id='word_1_240' title='bbox 1355 2209 1641 2276; x_wconf 87' lang='grc' dir='ltr'>σχοινίοισι</span> <span class='ocrx_word' id='word_1_241' title='bbox 1682 2209 1844 2277; x_wconf 82' lang='grc' dir='ltr'>αὐτὴν</span> 
     </span>
     <span class='ocr_line' id='line_1_30' title="bbox 262 2284 1839 2353; baseline 0.003 -17"><span class='ocrx_word' id='word_1_242' title='bbox 262 2284 506 2350; x_wconf 79' lang='grc' dir='ltr'>διαδήσας</span> <span class='ocrx_word' id='word_1_243' title='bbox 533 2287 712 2350; x_wconf 81' lang='grc' dir='ltr'>κατῆκε</span> <span class='ocrx_word' id='word_1_244' title='bbox 739 2285 792 2337; x_wconf 86' lang='grc' dir='ltr'>ἐς</span> <span class='ocrx_word' id='word_1_245' title='bbox 817 2286 877 2337; x_wconf 82' lang='grc' dir='ltr'>τὸ</span> <span class='ocrx_word' id='word_1_246' title='bbox 909 2284 1160 2353; x_wconf 83' lang='grc' dir='ltr'>πέλαγος,</span> <span class='ocrx_word' id='word_1_247' title='bbox 1189 2285 1493 2339; x_wconf 76' lang='grc' dir='ltr'>ἀνασπάσας</span> <span class='ocrx_word' id='word_1_248' title='bbox 1534 2287 1601 2338; x_wconf 75' lang='grc' dir='ltr'>δὲ·</span> <span class='ocrx_word' id='word_1_249' title='bbox 1626 2286 1839 2340; x_wconf 74' lang='grc' dir='ltr'>ἀπίκετο</span> 
     </span>
    </p>

    <p class='ocr_par' dir='ltr' id='par_1_12' title="bbox 133 2358 1839 2587">
     <span class='ocr_line' id='line_1_31' title="bbox 133 2358 1835 2433; baseline 0.003 -23"><span class='ocrx_word' id='word_1_250' title='bbox 133 2359 288 2410; x_wconf 87' lang='lat'><strong>155‘</strong></span> <span class='ocrx_word' id='word_1_251' title='bbox 263 2380 313 2410; x_wconf 84' lang='grc' dir='ltr'>ες</span> <span class='ocrx_word' id='word_1_252' title='bbox 339 2361 429 2424; x_wconf 85' lang='grc' dir='ltr'>τὴν</span> <span class='ocrx_word' id='word_1_253' title='bbox 456 2358 644 2428; x_wconf 87' lang='grc' dir='ltr'>Θήρην.</span> <span class='ocrx_word' id='word_1_254' title='bbox 887 2359 1152 2414; x_wconf 85' lang='grc' dir='ltr'>Ἐνθεῦτεν</span> <span class='ocrx_word' id='word_1_255' title='bbox 1178 2362 1233 2414; x_wconf 88' lang='grc' dir='ltr'>δε</span> <span class='ocrx_word' id='word_1_256' title='bbox 1271 2363 1363 2428; x_wconf 79' lang='grc' dir='ltr'>τὴν</span> <span class='ocrx_word' id='word_1_257' title='bbox 1390 2363 1643 2432; x_wconf 81' lang='grc' dir='ltr'>Φρονίμην</span> <span class='ocrx_word' id='word_1_258' title='bbox 1668 2385 1835 2433; x_wconf 88' lang='grc' dir='ltr'>παρα-</span> 
     </span>
     <span class='ocr_line' id='line_1_32' title="bbox 258 2433 1839 2509; baseline 0.008 -29"><span class='ocrx_word' id='word_1_259' title='bbox 258 2435 436 2490; x_wconf 83' lang='grc' dir='ltr'>λαβὼν</span> <span class='ocrx_word' id='word_1_260' title='bbox 480 2433 872 2500; x_wconf 73' lang='grc' dir='ltr'>Πολύμνηστος,</span> <span class='ocrx_word' id='word_1_261' title='bbox 915 2437 1011 2489; x_wconf 80' lang='grc' dir='ltr'>ἐὼν</span> <span class='ocrx_word' id='word_1_262' title='bbox 1049 2443 1151 2490; x_wconf 84' lang='grc' dir='ltr'>τῶν</span> <span class='ocrx_word' id='word_1_263' title='bbox 1190 2438 1423 2507; x_wconf 84' lang='grc' dir='ltr'>Θηραίων</span> <span class='ocrx_word' id='word_1_264' title='bbox 1461 2439 1587 2509; x_wconf 78' lang='grc' dir='ltr'>ἅνηρ</span> <span class='ocrx_word' id='word_1_265' title='bbox 1628 2440 1839 2507; x_wconf 80' lang='grc' dir='ltr'>δόκιμος</span> 
     </span>
     <span class='ocr_line' id='line_1_33' title="bbox 257 2503 1835 2587; baseline 0.012 -33"><span class='ocrx_word' id='word_1_266' title='bbox 257 2503 652 2562; x_wconf 76' lang='grc' dir='ltr'>ἐπαλλακεύετο·</span> <span class='ocrx_word' id='word_1_267' title='bbox 691 2513 884 2580; x_wconf 86' lang='grc' dir='ltr'>χρόνου</span> <span class='ocrx_word' id='word_1_268' title='bbox 919 2513 977 2566; x_wconf 78' lang='grc' dir='ltr'>δὲ</span> <span class='ocrx_word' id='word_1_269' title='bbox 1012 2517 1293 2584; x_wconf 84' lang='grc' dir='ltr'>περιιόντος</span> <span class='ocrx_word' id='word_1_270' title='bbox 1335 2515 1595 2587; x_wconf 75' lang='grc' dir='ltr'>ἐξεγένετό</span> <span class='ocrx_word' id='word_1_271' title='bbox 1620 2537 1672 2569; x_wconf 90' lang='grc' dir='ltr'>οι</span> <span class='ocrx_word' id='word_1_272' title='bbox 1715 2520 1835 2573; x_wconf 61' lang='lat' dir='ltr'>ard-as</span> 
     </span>
    </p>
   </div>
   <div class='ocr_carea' id='block_1_3' title="bbox 1966 0 1975 844">
    <p class='ocr_par' dir='ltr' id='par_1_13' title="bbox 1966 0 1975 844">
     <span class='ocr_line' id='line_1_34' title="bbox 1966 0 1975 844; baseline 0 0"><span class='ocrx_word' id='word_1_273' title='bbox 1966 0 1975 844; x_wconf 95' lang='lat' dir='ltr'> </span> 
     </span>
    </p>
   </div>
  </div>
 </body>
</html>
