1975 2892
152 200 203 240 ⁰¹
243 201 292 241 ⁶8
325 200 383 248 8]
461 137 1168 184 MEAIIOMENH.-1v.
1206 135 1433 197 160-164.
1629 135 1739 188 381

151 272 266 312 τον,
296 249 520 317 ἀνέθηκε,
551 253 609 304 τὸ
637 251 692 304 ἐν
716 252 790 325 τῷ
815 251 1099 322 Κορινθίων
1123 251 1365 326 θησαυρῷ
1392 254 1574 308 κέεται.
1620 255 1735 308 ἀπι-
1758 271 1783 310 5

152 328 341 397 κομένη
379 328 434 382 δὲ
467 330 608 399 παρὰ
643 333 825 382 τοῦτον
859 328 890 396 ἡ
919 329 1185 400 Φερετίμη,
1214 331 1382 384 ἐδέετο
1420 335 1678 401 στρατιῆς,
1709 331 1739 402 ἦ

150 407 364 473 κατάξει
400 409 571 477 σφέας
606 408 659 462 ἐς
693 408 786 475 τὴν
813 407 1063 478 Κυρήνην.
1119 412 1148 462 6
1186 411 1244 463 δέ
1274 431 1337 480 γε
1364 410 1605 464 Εὐέλθων
1637 415 1741 464 πᾶν

149 487 360 553 μᾶλλον
403 485 434 554 ἢ
483 483 730 556 στρατιήν
768 487 818 538 οἶ
865 486 1055 539 ἐδίδου.
1110 485 1141 553 ἦ
1184 488 1257 548 δὲ,
1299 489 1641 554 λαμβάνουσα
1678 493 1783 545 ras

152 563 438 631 διδόμενον,
471 569 507 591 “
527 565 684 617 καλὸν
721 564 842 633 μὲν,
869 566 990 634 ἔφη,
1030 566 1111 618 καὶ
1151 569 1302 618 τοῦτο
1343 561 1485 626 εἶναι,
1524 569 1741 622 κάλλιον

151 641 212 694 δὲ
239 642 419 703 ἐκεῖνο,
447 643 507 694 τὸ
545 642 720 695 δοῦναί
755 644 804 695 οἱ
841 643 1051 710 δεομένῃ
1090 641 1394 713 στρατιήν.”
1441 648 1597 698 τοῦτο
1635 647 1735 715 γὰρ
1760 661 1785 706 γ

150 719 239 772 ἐπὶ
264 722 418 773 παντὶ
443 725 516 787 τῷ
542 718 786 790 διδομένῳ
813 721 990 790 ἔλεγε.
1072 724 1374 775 Τελευταῖόν
1399 724 1449 775 οἶ
1476 721 1735 793 ἐξέπεμψε

151 792 321 862 δῶρον
341 795 370 846 6
391 793 634 848 Εὐέλθων
660 795 904 863 ἄτρακτον
930 792 1156 865 χρύσεον
1174 797 1255 848 καὶ
1282 793 1551 864 ἠλακάτην,
1570 819 1738 867 προσ-

153 872 216 938 ῆν
243 872 299 924 δὲ
328 874 408 926 καὶ
435 871 609 940 εἴριον.
659 873 874 944 εἰπάσης
908 874 964 926 δὲ
1001 871 1141 930 αὖτις
1164 877 1253 941 τῆς
1281 875 1551 944 Φερετίμης
1577 878 1739 930 τῶυτὸ

151 951 296 1011 ἔπος,
326 953 355 1004 6
384 950 624 1003 Εὐέλθων
649 950 772 1019 ἔφη,
804 954 840 976 “
861 950 1143 1004 τοιούτοισι
1168 953 1407 1022 γυναῖκας
1433 951 1733 1022 δωρέεσθαι,

151 1022 278 1081 ἀλλ’
318 1029 378 1082 οὐ
427 1024 704 1099 στρατιῇ.”
943 1027 1003 1081 ‘O
1052 1029 1108 1082 δὲ
1148 1028 1506 1100 Ἀρκεσίλεως,
1554 1033 1739 1085 τοῦτον
1763 1034 1874 1088 163

153 1107 248 1159 τὸν
285 1109 476 1177 χρόνον
515 1107 612 1159 ἐὼν
650 1107 706 1159 ἐν
743 1108 912 1180 Σάμῳ,
943 1105 1213 1177 συνήγειρε
1250 1108 1415 1160 πάντα
1454 1107 1612 1178 ἄνδρα
1652 1109 1731 1162 ἐπὶ

150 1186 250 1256 γῆς
301 1185 596 1258 ἀναδασμῷ.
667 1185 1054 1256 συλλεγομένου
1114 1187 1171 1240 δὲ
1234 1188 1458 1256 στρατοῦ
1510 1188 1731 1252 πολλοῦ,

155 1264 353 1330 ἐστάλη
394 1264 448 1318 ἐς
484 1263 727 1332 Δελφοὺς
751 1261 1113 1334 Ἀρκεσίλεως,
1141 1267 1463 1335 χρησόμενος
1497 1268 1571 1337 τῷ
1602 1285 1731 1333 χρη-

156 1341 352 1413 στηρίῳ
386 1343 504 1412 περὶ
530 1342 763 1395 κατόδου.
808 1341 839 1407 ἡ
866 1343 922 1395 δὲ
950 1341 1117 1407 Πυθίη
1154 1344 1203 1394 οἱ
1238 1345 1343 1412 χρᾷ
1377 1342 1516 1394 τάδε·
1563 1341 1730 1396 “Ἐπὶ
1756 1356 1782 1396 2

153 1420 248 1487 μὲν
273 1419 528 1490 τέσσερας
554 1420 793 1481 Βάττους,
823 1420 905 1472 καὶ
931 1416 1273 1489 Ἀρκεσίλεως
1303 1419 1573 1488 τέσσερας,
1603 1419 1733 1472 ὀκτὼ

156 1497 352 1568 ἀνδρῶν
389 1498 583 1569 γενεὰς,
613 1498 749 1551 διδοῖ
784 1498 901 1566 ὑμῖν
935 1497 1124 1564 Λοξίης
1157 1495 1459 1560 βασιλεύειν
1484 1495 1728 1567 Κυρήνης·

154 1576 317 1629 πλέον
359 1576 532 1643 μέντοι
584 1573 770 1628 τούτου
815 1575 933 1628 οὐδὲ
985 1574 1263 1646 πειρᾶσθαι
1306 1575 1581 1645 παραινέει.
1664 1575 1731 1628 Σὺ
1752 1589 1779 1630 8

154 1653 327 1722 μέντοι
354 1653 553 1723 ἥσυχος
587 1647 731 1713 εἶναι,
761 1651 1021 1706 κατελθὼν
1060 1654 1114 1708 ἐς
1152 1653 1243 1720 τὴν
1283 1656 1530 1706 σεωυτοῦ.
1580 1651 1641 1721 ἢν
1677 1654 1730 1706 δὲ

155 1731 245 1798 τὴν
271 1733 478 1800 κάμινον
504 1728 670 1802 εὕρῃς·
685 1732 848 1797 πλέην
872 1731 1167 1801 ἀμφορέων,
1196 1731 1263 1799 μὴ
1300 1729 1589 1798 ἐξοπτήσῃς
1615 1731 1733 1786 τούς

155 1809 435 1879 ἀμφορέας,
465 1809 585 1863 ἀλλ’
615 1810 882 1876 ἀπόπεμπε
919 1808 1026 1862 κατ’
1054 1807 1224 1874 οὖρον.
1270 1809 1316 1862 εἷ
1342 1811 1398 1864 δὲ
1431 1807 1731 1876 ἐξοπτήσεις
1751 1825 1778 1866 4

155 1884 244 1951 τὴν
295 1883 519 1953 κάμινον,
565 1883 633 1952 μὴ
688 1882 906 1952 ἐσέλθῃς
958 1883 1012 1938 ἐς
1062 1883 1153 1952 τὴν
1198 1882 1536 1955 ἀμφίρρυτον·
1591 1883 1638 1936 εἷ
1678 1886 1735 1939 δὲ

154 1963 240 2032 μὴ,
275 1961 549 2016 ἀποθανέαι
591 1963 672 2016 καὶ
710 1961 879 2024 αὐτὸς.
924 1963 1007 2016 καὶ
1047 1965 1234 2034 ταῦρος
1267 1965 1296 2016 6
1332 1961 1733 2016 καλλιστεύων.”

158 2045 322 2095 Ταῦτα
347 2040 376 2109 ἦ
407 2041 572 2109 Πυθίη
600 2041 913 2113 Ἀρκεσίλεῳ
948 2043 1069 2109 χρᾷ.
1115 2042 1144 2092 6
1171 2041 1245 2100 δὲ,
1273 2039 1589 2108 παραλαβὼν
1613 2039 1731 2093 τούς
1758 2039 1866 2093 164

161 2120 214 2173 ἐκ
239 2123 326 2188 τῆς
355 2122 541 2188 Σάμου,
561 2119 780 2188 κατῆλθε
807 2119 860 2173 ἐς
886 2118 976 2185 τὴν
994 2115 1241 2188 Κυρήνην·
1279 2117 1361 2169 καὶ
1389 2114 1732 2187 ἐπικρατήσας

161 2203 258 2251 τῶν
281 2199 606 2269 πρηγμάτων,
629 2201 721 2250 τοῦ
746 2191 988 2265 μαντηίου
1016 2195 1107 2247 οὐκ
1134 2195 1397 2263 ἐμέμνητο,
1428 2194 1567 2246 ἀλλὰ
1594 2194 1734 2247 δίκας

161 2276 276 2332 τούς
300 2276 707 2330 ἀντιστασιώτας
733 2272 866 2328 α’ίτεε
901 2275 994 2341 τῆς
1026 2275 1214 2326 ἑωυτοῦ
1240 2272 1431 2342 φυγῆς.
1474 2277 1575 2324 τῶν
1602 2272 1656 2325 δὲ
1684 2271 1731 2322 ol
1752 2282 1777 2324 2

161 2355 249 2424 μὲν
272 2356 332 2408 τὸ
367 2355 606 2424 παράπαν
641 2354 695 2406 ἐκ
731 2355 821 2420 τῆς
854 2353 1026 2422 χώρης
1064 2350 1491 2411 ἀπαλλάσσοντο,
1520 2349 1638 2404 τοὺς
1678 2350 1733 2403 δέ

161 2454 294 2488 τινας
317 2433 697 2502 χειρωσάμενος
723 2435 751 2485 6
777 2430 1121 2502 Ἀρκεσίλεως
1146 2429 1197 2484 ἐς
1226 2426 1433 2499 Κύπρον
1459 2427 1734 2481 ἀπέστειλε

164 2511 243 2564 ἐπὶ
283 2510 556 2580 διαφθορῇ.
614 2507 827 2565 τούτους
864 2509 958 2577 μέν
998 2529 1086 2561 νυν
1112 2507 1309 2560 Κνίδιοι
1350 2506 1733 2575 ἀπενειχθέντας
1751 2518 1776 2559 ⁸

169 2590 290 2661 πρὸς
323 2589 415 2658 τὴν
451 2588 730 2659 σφετέρην,
761 2585 1061 2660 ἐρρύσαντο,
1091 2586 1173 2640 καὶ
1210 2585 1261 2640 ἐς
1288 2583 1459 2656 Θήρην
1494 2585 1733 2640 ἀπέστει-
