1975 2892
603 132 1122 180 nmmum-11.
1160 145 1264 193 1-3.
1608 130 1715 185 121

88 242 409 311 πλήσαντα
426 243 481 297 δὲ
501 246 593 296 τοῦ
611 245 885 315 γάλακτος,
904 244 1074 298 τᾶλλα
1095 243 1529 315 διαπρήσσεσθαι.
1558 251 1756 299 ταῦταδ

94 319 158 375 δ’
187 321 377 376 ἐποίεέ
392 342 449 375 τε
469 323 551 374 καὶ
571 321 873 375 ἐνετέλλετο
890 326 919 376 ὁ
945 324 1282 391 Ψαμμίτιχος,
1307 322 1479 376 θέλων
1497 324 1716 377 ἀκοῦσαι

96 405 225 453 τῶν
259 400 499 465 παιδίων,
528 399 963 468 ἀπαλλαχθέντων
999 405 1102 453 τῶν
1135 399 1347 468 ἀσὴμων
1377 403 1714 469 κνυζημάτων,

100 478 305 546 ἥντινα
318 478 521 547 ἱφωνὴν
554 477 774 549 ῥήξουσι
810 483 1034 549 πρώτην.
1078 479 1238 547 τάπερ
1275 477 1344 531 ὧν
1379 480 1460 531 καὶ
1492 480 1711 550 ἐγένετο.

106 557 192 612 ὣς
217 556 329 627 γὰρ
360 556 523 623 διέτης
549 558 734 625 χρόνος
761 557 993 627 ἐγεγόνεε
1027 559 1186 609 ταῦτα
1219 556 1291 628 τῷ
1315 556 1515 623 ποιμένι
1541 554 1710 627 πρῆσ-
1729 566 1754 607 ο

108 655 299 695 σοντι,
330 632 585 704 ἀνοίγοντι
610 633 702 701 τὴν
728 633 886 705 θύρην
910 634 994 686 καὶ
1021 635 1212 687 ἐσιόντι
1239 635 1304 686 τὰ
1336 634 1514 687 παιδία
1540 634 1713 703 ἄμφό·

108 734 255 782 τερα
272 712 670 782 προσπίπτοντα
694 714 847 776 βεκὸς
868 712 1110 782 ἐφώνεον,
1133 711 1376 783 ὀρέγοντα
1401 712 1493 766 τὰς
1516 714 1711 782 χεῖρας.

110 791 191 844 τὰ
226 790 325 858 μὲν
352 789 413 857 δὴ
446 795 625 860 πρῶτα
654 789 898 850 ἀκούσας,
925 790 1124 859 ἥσυχος
1157 787 1218 856 ἦν
1253 793 1282 843 ὁ
1315 788 1520 858 ποιμήν.
1565 791 1634 845 ὦς
1659 790 1752 844 δέτ

112 870 365 923 πολλάκι
390 866 650 937 φοιτέοντι
677 869 760 921 καὶ
796 868 1138 941 ἐπιμελομένῳ
1163 870 1364 922 πολλὸν
1387 866 1451 935 ἦν
1475 871 1628 921 τοῦτο
1654 869 1714 922 τὸ

116 948 273 1007 ἔπος,
312 943 446 998 οὕτω
487 945 547 1012 δὴ
585 942 811 1013 σημήνας
849 950 921 1019 τῷ
960 948 1204 1013 δεσπότῃ,
1242 949 1402 1018 ἤγαγε
1436 948 1500 999 τὰ
1537 946 1714 1000 παιδία

118 1022 475 1078 κελεύσαντος
501 1024 553 1077 ἐς
586 1022 715 1093 ὄψιν
742 1024 831 1091 τὴν
867 1024 1076 1077 ἐκείνου.
1119 1021 1341 1078 ἀκούσας
1375 1025 1432 1077 δὲ
1458 1026 1539 1078 καὶ
1563 1024 1714 1079 αὐτὸς
1730 1034 1754 1074 8

120 1106 161 1157 ὅ
214 1102 556 1171 Ψαμμίτιχος,
598 1101 902 1156 ἐπυνθάνετο
941 1099 1122 1157 οἵτινες
1159 1102 1438 1173 ἀνθρώπων
1473 1103 1625 1168 βεκός
1664 1122 1714 1154 τι

124 1179 401 1234 καλέουσι.
444 1179 814 1249 πυνθανόμενος
849 1181 923 1241 δὲ,
962 1177 1168 1251 εὕρισκε
1207 1178 1408 1251 Φρύγας
1443 1180 1714 1234 καλέοντας
1733 1187 1758 1228 9

122 1260 227 1313 τὸν
266 1258 439 1328 ἄρτον.
482 1255 615 1311 οὕτω
652 1260 1024 1329 συνεχώρησαν
1058 1256 1342 1329 Αἰγύπτιοι,
1382 1259 1464 1311 καὶ
1498 1255 1714 1329 τοιούτῳ

130 1335 555 1403 σταθμησάμενοι
598 1334 874 1408 πρήγματι,
916 1337 1036 1391 τοὺς
1076 1333 1277 1407 Φρύγας
1326 1335 1714 1406 πρεσβυτέρους

130 1410 265 1468 εἶναι
304 1416 519 1467 ἑωυτῶν.
687 1410 822 1467 Ὠδε
865 1415 959 1483 μὲν
1002 1414 1244 1485 γενέσθαι
1282 1419 1382 1465 τῶν
1435 1411 1583 1483 ἱρέων
1621 1414 1712 1463 τοῦ
1733 1410 1770 1463 3

128 1492 437 1563 Ἠφαίστου
476 1492 531 1546 ἐν
582 1493 765 1562 Μέμφι
816 1495 1019 1560 ἤκουον.
1091 1490 1345 1557 Ἕλληνες
1395 1490 1452 1543 δὲ
1498 1490 1714 1560 λέγουσι

134 1570 281 1624 ἅλλα
305 1592 361 1623 τε
384 1570 569 1638 μάταια
592 1572 787 1631 πολλὰ,
816 1572 899 1623 καὶ
926 1571 996 1624 ὧς
1018 1573 1267 1640 γυναικῶν
1292 1569 1382 1622 τὰς
1407 1569 1660 1637 γλώσσας
1686 1569 1714 1619 ὁ

135 1648 460 1717 Ψαμμίτιχος
495 1650 735 1717 ἐκταμὼν,
764 1649 855 1715 τὴν
890 1649 1086 1701 δίαιταν
1120 1643 1280 1700 οὕτως
1312 1643 1588 1712 ἐποιήσατο
1615 1649 1717 1697 τῶν

136 1727 335 1782 παίδων
370 1727 509 1796 παρὰ
546 1725 763 1794 ταύτῃσι
801 1729 925 1794 τῇσι
964 1724 1184 1797 γυναιξί.
1229 1724 1355 1777 κατὰ
1393 1724 1486 1791 μὲν
1526 1722 1586 1789 δὴ
1627 1722 1756 1789 τὴν2

142 1804 341 1875 τροφὴν
364 1810 465 1857 τῶν
498 1806 693 1858 παίδων
726 1808 953 1857 τοσαῦτα
988 1805 1194 1870 ἔλεγον.
1264 1799 1509 1855 Ἠκουσα
1545 1802 1601 1853 δὲ
1636 1801 1717 1854 καὶ

142 1884 282 1936 ἄλλα
325 1883 379 1935 ἐν
428 1882 630 1951 Μέμφι,
673 1883 843 1936 ἐλθὼν
888 1882 941 1937 ἐς
992 1884 1183 1953 λόγους
1228 1884 1366 1934 τοῖσι
1413 1882 1579 1952 ἱρεῦσι
1626 1883 1717 1932 τοῦ

144 1960 458 2030 Ἡφαίστου.
503 1962 583 2014 καὶ
620 1960 681 2027 δὴ
710 1961 790 2013 καὶ
818 1961 869 2016 ἐς
906 1958 1082 2028 Θῆβας
1109 1982 1164 2013 τε
1191 1961 1274 2012 καὶ
1301 1960 1352 2014 ἐς
1375 1956 1756 2013 Ἦλιούπολινδ

148 2039 310 2092 αὐτῶν
331 2036 521 2092 τούτων
548 2036 730 2092 εἵνεκεν
754 2039 1060 2109 ἐτραπόμην,
1085 2038 1276 2092 ἐθέλων
1303 2037 1484 2091 εἰδέναι
1511 2036 1556 2089 εἶ
1583 2058 1714 2104 συμ-

150 2115 393 2183 βῆσονται
418 2119 559 2170 τοῖσι
583 2119 795 2188 λόγοισι
814 2121 953 2170 τοῖσι
974 2118 1028 2168 ἐν
1055 2117 1258 2186 Μέμφι.
1302 2116 1352 2167 οἱ
1377 2116 1476 2186 γὰρ
1501 2114 1717 2166 Ἡλιου-

150 2197 350 2250 πολῖται
372 2194 613 2265 λέγονται
649 2194 937 2266 Αἰγυπτίων
964 2190 1088 2246 εἶναι
1123 2195 1448 2263 λογιώτατοι.
1531 2192 1604 2242 Τὰ
1630 2190 1758 2257 μένα

156 2294 244 2328 νυν
268 2272 367 2325 θεῖα
392 2278 493 2325 τῶν
518 2273 858 2343 ἀπηγημάτων
884 2268 966 2325 οἷα
993 2274 1194 2339 ἤκουον,
1217 2271 1308 2321 οὐκ
1335 2269 1436 2336 εἰμὶ
1462 2267 1720 2337 πρόθυμος

156 2350 460 2421 ἐξηγέεσθαι,
490 2351 591 2416 ἔξω
617 2349 647 2418 ἢ
676 2352 739 2403 τὰ
774 2351 1026 2417 οὐνόματα
1061 2349 1225 2401 αὐτῶν
1259 2350 1463 2415 μοῦνον·
1509 2346 1722 2412 νομίζων

158 2431 337 2494 πάντας
366 2428 663 2499 ἀνθρώπους
700 2426 820 2481 ἴσον
852 2429 970 2497 περὶ
1005 2428 1170 2479 αὐτῶν
1205 2422 1534 2479 ἐπίστασθαι·
1579 2423 1642 2474 τὰ
1678 2421 1722 2475 δ’

162 2507 225 2559 ἂν
254 2505 535 2573 ἐπιμνησθῶ
574 2506 758 2567 αὐτῶν,
791 2506 891 2559 ὑπὸ
931 2507 1024 2557 τοῦ
1063 2506 1228 2573 λόγου
1269 2501 1723 2571 ἐξαναγκαζόμενος

162 2582 608 2653 ἐπιμνησθήσομαι.
