1975 2892
559 116 1094 164 EYTEPHH.—11.
1131 121 1298 175 71-77.
1609 103 1720 157 159

136 227 227 280 καὶ
252 223 309 280 ἔς
342 228 495 278 τοῦτο
532 224 591 277 τὸ
626 223 819 295 χωρίον
852 221 1032 291 ἦλθον,
1060 223 1434 293 πυνθανόμενος
1467 225 1586 295 περὶ
1620 229 1724 277 τῶν

134 309 417 374 πτερωτῶν
460 302 646 371 ὀφίων.
704 303 1004 372 ἀπικόμενος
1050 302 1123 362 δὲ,
1169 297 1304 355 εἶδον
1348 302 1506 355 ὀστέα
1551 302 1762 372 ὄφίωνπ

136 383 225 436 καὶ
261 381 496 441 ἀκάνθας,
523 379 713 448 πλήθεΐ
744 381 837 449 μὲν
872 378 1093 433 ἀδύνατα
1127 377 1509 450 ἀπηγήσασθαι·
1555 381 1719 451 σωροὶ

136 463 199 514 δὲ
238 458 375 528 ἦσαν
412 458 665 513 ἀκανθέων
706 459 787 512 καὶ
824 459 1062 528 μεγάλοι,
1102 459 1184 510 καὶ
1222 457 1599 528 ὑποδεέστεροι,
1637 460 1719 511 καὶ

136 540 434 593 ἐλάσσονες
458 539 534 590 ἔτι
564 535 774 590 τούτων·
816 536 1010 591 πολλοὶ
1047 535 1103 588 δέ
1138 531 1272 602 ἦσαν
1305 532 1464 588 οὗτοι.
1520 536 1634 588 ἔστι
1661 537 1714 589 δὲ
1732 551 1758 592 a

136 621 169 671 ὁ
195 622 367 688 χῶρος
394 614 559 676 οὗτος,
590 616 645 669 ἐν
671 618 743 688 τῷ
770 616 821 668 αἱ
856 612 1066 666 ἄκανθαι
1103 610 1482 682 κατακεχύαται,
1511 614 1717 666 τοιόσδε

134 707 237 750 τις·
282 694 484 762 ἐσβολὴ
522 694 580 761 ἐξ
614 693 805 765 οὐρέων
840 697 1054 747 στεινῶν
1089 692 1142 746 ἐς
1176 691 1354 744 πεδίον
1377 690 1528 761 μέγα·
1573 692 1632 744 τὸ
1660 691 1716 744 δὲ

133 774 317 828 πεδίον
355 775 507 826 τοῦτο
548 774 793 825 συνάπτει
826 775 899 844 τῷ
932 769 1196 842 Αἰγυπτίῳ
1230 768 1409 842 πεδίῳ.
1465 771 1624 840 λόγος
1657 769 1717 822 δέ
1729 787 1755 827 4

134 853 274 912 ἐστι,
320 851 423 919 ἅμα
468 855 540 923 τῷ
584 851 694 919 ἔαρι
739 848 1028 920 πτερωτοὺς
1073 847 1195 917 ὅφις
1242 848 1297 901 ἐκ
1338 850 1428 916 τῆς
1470 845 1715 918 Ἀραβίης

131 928 387 984 πέτεσθαι
415 926 491 982 ἐπ’
520 926 798 998 Αἶγῦπτου·
842 928 933 982 τὰς
968 926 1025 979 δὲ
1060 923 1166 989 ἴβις
1200 927 1290 981 τὰς
1325 925 1526 997 ὄρνιθας
1552 926 1712 981 ἀπαν-

130 1010 313 1061 τώσας
349 1006 402 1061 ἐς
436 1005 528 1073 τὴν
564 1005 793 1073 ἐσβολὴν
826 1003 1012 1072 ταύτης
1045 1006 1136 1072 τῆς
1169 1005 1358 1075 χώρης,
1387 1005 1447 1057 οὗ
1482 1004 1714 1075 παριέναι

128 1086 257 1141 τοὺς
294 1083 433 1153 ὄφις,
462 1084 603 1137 ἀλλὰ
640 1083 992 1136 κατακτείνειν.
1050 1083 1132 1135 καὶ
1170 1082 1262 1150 τὴν
1295 1080 1404 1147 ἶβιν
1438 1083 1522 1136 διὰ
1559 1085 1747 1138 τοῦτοῦ

127 1166 197 1217 τὸ
240 1165 393 1233 ἔργον
434 1161 733 1231 τετιμῆσθαι
773 1161 992 1231 λέγουσι
1031 1159 1266 1231 Ἀράβιοι
1307 1161 1542 1232 μεγάλως
1583 1162 1714 1231 πρὸς

128 1241 445 1313 Αἰγυπτίων·
506 1239 849 1310 ὁμολογέουσι
894 1239 949 1292 δὲ
996 1239 1079 1291 καὶ
1120 1237 1390 1310 Αἰγύπτιοι
1431 1239 1515 1292 διὰ
1554 1241 1714 1293 ταῦτα

128 1319 402 1388 τιμᾶν-τὰς
428 1317 631 1389 ὄρνιθας
656 1315 856 1373 ταύτας.
1065 1311 1217 1372 Εἶδος
1253 1317 1308 1370 δέ
1345 1319 1435 1385 τῆς
1457 1317 1550 1384 μὲν
1573 1314 1712 1380 ’ίβιος
1724 1319 1800 1378 76

128 1400 273 1452 τόδε.
328 1397 549 1465 μέλαινα
575 1397 745 1450 δεινῶς
770 1398 932 1456 πᾶσα,
964 1395 1162 1449 σκέλεα
1188 1395 1242 1447 δὲ
1271 1393 1450 1465 φορέει
1473 1396 1708 1464 γεράνου,

126 1479 417 1547 πρόσωπον
456 1476 511 1528 δὲ
552 1475 605 1528 ἐς
643 1474 707 1526 τὰ
744 1475 975 1541 μάλιστα
1011 1472 1308 1541 ἐπίγρυπον,
1337 1471 1557 1542 μέγαθος
1583 1471 1713 1523 ὅσον

128 1554 277 1625 κρέξ.
333 1558 434 1606 τῶν
458 1575 551 1621 μεν
578 1551 638 1620 δὴ
665 1551 959 1620 μελαινέων,
988 1555 1090 1603 τῶν
1114 1547 1413 1618 μαχομένων
1437 1550 1567 1619 πρὸς
1591 1547 1744 1609 τούς-2

128 1633 277 1702 ὄφις,
298 1632 385 1700 ἥδε
413 1630 537 1698 ἰδέη.
579 1635 681 1683 τῶν
706 1629 807 1682 δ”
780 1651 834 1682 εν
858 1650 989 1682 ποσι
1013 1629 1219 1696 μᾶλλον
1245 1625 1544 1694 εἷλευμένων
1570 1648 1710 1680 τοισι

127 1710 470 1780 ἀνθρώποισι·
530 1705 691 1775 (διξαὶ
728 1707 831 1779 γὰρ
870 1705 932 1774 δὴ
973 1706 1078 1759 εἶσι
1118 1705 1170 1758 αἱ
1207 1698 1388 1774 ιβιες·)
1441 1703 1579 1774 ψιλὴ
1619 1704 1712 1773 τὴν

128 1788 386 1858 κεφαλὴν,
416 1787 497 1842 καὶ
532 1787 623 1853 τὴν
658 1785 827 1857 δειρὴν
858 1788 1052 1840 πᾶσαν·
1095 1781 1251 1851 λευκὴ
1290 1785 1544 1855 πτεροῖσι,
1572 1783 1710 1850 πλὴν

128 1868 366 1937 κεφαλῆς
401 1867 483 1920 καὶ
517 1868 610 1918 τοῦ
645 1864 857 1934 αὐχένος
892 1885 975 1917 και
1009 1862 1178 1962 ἄκρων
1210 1867 1311 1914 τῶν
1335 1883 1600 1933 πτερυγων
1626 1862 1710 1914 καὶ

128 1950 223 1999 τοῦ
250 1944 473 2015 πυγαίου
506 1943 683 2014 ακρου·
726 1946 883 1995 ταῦτα
918 1943 975 1996 δὲ
1009 1963 1074 1994 τα
1110 1962 1253 1994 ειπον
1286 1941 1467 2000 πάντα,
1494 1941 1710 2010 μέλαινά

130 2026 248 2078 ἐστι
276 2024 467 2077 δεινῶς·
504 2022 695 2075 σκέλεα
714 2021 769 2074 δὲ
790 2021 871 2074 και
890 2023 1188 2091 πρόσωπον,
1209 2018 1470 2090 ἐμφερὴς.
1453 2023 1514 2086 τῇ
1541 2018 1705 2088 ετέρῃ.

128 2106 223 2156 τοῦ
252 2102 309 2155 δὲ
336 2099 539 2172 ὅφιος’
516 2123 545 2166 η
572 2099 767 2170 μορφὴ,
798 2095 876 2166 οἵη
903 2119 1002 2168 περ
1027 2103 1127 2150 τῶν
1153 2094 1335 2167 υδρων.
1377 2096 1538 2152 πτίλα
1563 2097 1618 2149 δὲ
1646 2097 1738 2156 οὗ3

127 2201 367 2251 πτερωτα
406 2177 603 2250 φορέει,
645 2178 787 2231 ἀλλὰ
824 2179 962 2230 τοῖσι
1008 2177 1100 2242 τῆς
1145 2173 1432 2243 νυκτερίδος
1469 2194 1711 2243 πτεροισι

127 2258 364 2328 μάλιστά
398 2278 457 2323 κη
500 2255 875 2328 ἐμφερέστατα.
958 2255 1198 2308 Τοσαῦτα
1235 2273 1328 2319 μεν
1367 2250 1553 2321 θηρίων
1591 2250 1707 2321 πέρι

130 2339 253 2408 ἱρῶν
279 2334 523 2404 ειρὴσθω.

213 2414 391 2480 Αὐτῶν
426 2413 482 2467 δε
520 2413 580 2480 δὴ
617 2411 919 2483 Αἷγυπτίων,
949 2431 998 2462 οι
1033 2429 1126 2477 μεν
1159 2405 1278 2478 περὶ
1313 2404 1404 2473 τὴν
1435 2407 1701 2476 σπειρομέ-
1715 2398 1787 2462 ’77

128 2515 219 2560 νην
257 2489 518 2562 Αιγυπτον
544 2489 791 2549 οἰκέουσι,
828 2486 1026 2556 μνήμην
1051 2484 1330 2555 ἀνθρώπων
1355 2484 1557 2537 πάντων
1585 2485 1706 2537 ἐπα-

130 2571 372 2626 σκέοντες
409 2570 659 2638 μάλιστα,
686 2563 996 2636 λογιώτατοί
1022 2584 1126 2616 εισι
1164 2562 1340 2632 μακρῷ
1379 2565 1480 2614 τῶν
1519 2561 1617 2632 ἐγὼ
1658 2562 1711 2617 ἐς
