1975 2892
525 137 771 183 KAEm
777 148 919 186 ..-—1
954 153 1070 198 ¹41·
1079 152 1186 201 145.
1570 136 1642 189 81

34 202 105 240 01.
128 200 196 240 58.
218 199 283 249 3.]

40 258 247 312 ε’θνέων
283 259 343 310 τὸ
377 250 617 318 Ἰωνικὸν,
648 258 730 313 καὶ
763 260 929 329 λόγου
963 260 1270 331 ε’λαχίστου·
1327 262 1406 318 ὅτι
1440 264 1541 336 γὰρ
1575 264 1646 333 μὴ

40 337 293 403 Ἀθῆναι,
321 333 383 402 ἦν
416 335 565 389 οὐδὲν
603 336 739 390 ἄλλο
778 340 1016 407 πόλισμα
1053 342 1288 411 λόγιμον.
1347 344 1396 395 οί
1429 343 1524 411 μέν
1558 366 1679 405 mma

42 416 217 468 ἄλλοι
253 413 427 469 Ἴωνες
474 413 555 467 καὶ
597 416 649 467 οἱ
687 414 946 483 Ἀθηναῖοι
988 418 1186 486 ἔφυγον
1225 421 1286 471 τὸ
1329 424 1535 488 οὔνομα,
1582 423 1643 475 οὔ

38 494 372 560 βουλόμενοι
386 490 561 547 Ἴωνες
596 493 893 561 κεκλῆσθαι·
950 495 1092 547 ἀλλὰ
1131 496 1214 548 καὶ
1250 501 1338 550 νῦν
1374 499 1644 568 φαίνονταί

36 593 139 642 μοι
170 572 221 622 οἱ
248 571 445 623 πολλοὶ
470 571 635 622 αὐτῶν
660 570 1066 641 ἐπαισχύνεσθαι
1102 579 1175 647 τῷ
1205 574 1465 643 οὐνόματι.
1506 579 1558 630 αἱ
1586 578 1682 631 δὲ4

40 649 289 704 δυώδεκα
326 650 504 703 πόλιες
540 647 685 701 αὗται
721 652 792 723 τῷ
830 671 888 702 τε
928 651 1168 719 οὐνόματι
1210 650 1520 724 ἠγάλλοντο,
1559 656 1642 709 καὶ

40 730 167 800 ἱρὸν
217 724 493 797 ιδρῦσαντο
540 727 625 779 ε’πι
672 727 854 796 σφέων
892 729 1075 791 αὐτῶν,
1117 752 1189 783 τω
1235 734 1426 801 οὕνομα
1467 733 1640 786 ἔθεντο

34 806 359 861 Πανιώνιον·
414 803 795 869 ἐβουλεύσαντο
840 807 895 859 δὲ
937 808 1093 861 αὐτοῦ
1133 811 1436 876 μεταδοῦναι
1475 813 1636 879 μηδα-

31 888 202 955 μοῖσι
264 883 482 936 ἄλλοισι
532 883 735 937 Ἰώνων·
805 884 912 937 οὐδ’
966 885 1250 955 ἐδεήθησαν
1309 889 1368 942 δε
1425 890 1637 958 οὐδαμοὶ

30 964 354 1033 μετασχεῖν,
384 960 463 1014 ὅτι
487 961 555 1030 μὴ
584 964 873 1033 Σμυρναῖοι.
1118 967 1356 1036 Κατάπερ
1383 969 1433 1021 οἶ
1466 968 1520 1020 ἐκ
1546 972 1636 1037 τῆς
1653 970 1768 1024 144

30 1041 413 1095 Πενταπόλιος
449 1041 537 1093 νῦν
568 1040 743 1109 χώρης
777 1042 1012 1110 Δωριέες,
1040 1046 1290 1114 πρότερον
1325 1046 1382 1099 δὲ
1413 1044 1633 1113 ‘Effund-

27 1125 163 1174 λιος
213 1119 309 1185 τῆς
352 1118 506 1185 αὐτῆς
550 1115 734 1185 ταύτης
755 1120 1104 1219 καλεομένης,
1149 1123 1520 1191 φυλάσσονται
1566 1124 1636 1178 ὧν

28 1194 315 1268 μηδαμους
362 1195 673 1263 ἐσδέξασθαι
714 1201 816 1249 τῶν
854 1199 1151 1267 προσοίκων
1195 1202 1429 1271 Δωριέων
1477 1202 1529 1257 ἐς
1573 1205 1633 1256 τὸ

28 1274 327 1347 Τριοπικὸν
362 1275 488 1344 ἱρόν·
533 1274 673 1326 ἀλλὰ
712 1274 793 1327 καὶ
836 1276 1018 1344 σφέων
1055 1278 1220 1331 αὐτῶν
1258 1278 1378 1335 τους
1415 1281 1534 1351 περὶ
1573 1283 1632 1334 τὸ

32 1356 161 1452 ἱρὸν
192 1349 548 1419 ἆνομῆσαντας
582 1351 887 1419 ἐξεκλῆῒσαν
922 1356 1014 1422 τῆς
1047 1358 1288 1425 μετοχῆς.
1346 1358 1400 1409 έν
1432 1359 1534 1429 γὰρ
1561 1362 1668 1431 τῷ2

30 1434 212 1504 ἀγῶνι
262 1432 355 1482 τοῦ
398 1430 643 1501 Τριοπίου
690 1427 1026 1488 ’Λπόλλωνος
1078 1434 1314 1486 ἐτίθεσαν
1359 1437 1419 1487 τὸ
1470 1439 1632 1488 πάλαι

31 1509 300 1581 τρίποδας
324 1508 575 1577 χαλκεους
600 1530 739 1561 τοισι
768 1514 965 1561 νικῶσι·
1012 1512 1094 1563 καὶ
1122 1532 1332 1567 τουτους
1357 1514 1488 1582 χρῆν
1515 1513 1630 1568 τους

29 1587 410 1657 λαμβάνοντας
436 1586 493 1639 ἐκ
518 1590 609 1639 τοῦ
647 1588 759 1657 ἱροῦ
792 1586 861 1654 μὴ
899 1588 1152 1658 ἐκφέρειν,
1183 1588 1303 1641 ἀλλ’
1330 1590 1485 1642 αὐτοῦ
1512 1614 1630 1644 ανα-

31 1666 245 1720 τιθέναι
287 1665 359 1737 τῷ
398 1664 516 1736 θεῷ.
572 1665 699 1735 ἀνὴρ
738 1664 809 1717 ὧν
832 1663 1289 1735 Ἁλικαρνησσεὺς,
1331 1672 1405 1740 τῷ
1443 1672 1665 1738 οὕνομα8

32 1743 98 1811 ἧν
126 1742 495 1813 Ἀγασικλέης,
524 1740 750 1809 νικήσας,
779 1744 869 1795 τὸν
894 1746 1049 1811 νόμον
1075 1747 1416 1815 κατηλόγησε·
1456 1748 1631 1819 φέρων

32 1822 93 1875 δὲ
114 1822 257 1891 πρὸς
282 1819 347 1872 τα
372 1821 562 1873 ἑωυτοῦ
588 1820 719 1873 οἶκία
744 1824 1260 1891 προσεπασσάλευσε
1283 1826 1376 1877 τὸν
1394 1827 1626 1897 τρίποδα.

38 1901 127 1953 διὰ
154 1894 348 1965 ταύτην
371 1898 465 1965 τὴν
494 1898 659 1965 αι’τίην
692 1899 745 1952 αἱ
777 1899 929 1952 πέντε
960 1904 1157 1963 πόλιες,
1188 1902 1387 1964 Λίνδος,
1417 1907 1499 1958 καὶ
1524 1905 1622 1975 ’Ῑῆ-
1640 1920 1666 1959 4

31 1978 256 2031 λυσσός
294 1998 351 2029 τε
390 1977 473 2029 καὶ
501 1978 767 2047 Κάμειρος,
797 1979 879 2030 καὶ
914 1985 1029 2035 Κῶς
1068 2001 1123 2033 τε
1163 1983 1244 2034 και
1281 1984 1482 2045 Κνίδος,
1514 1986 1623 2051 ἐξε-

34 2054 271 2121 κλῆΐσαν
309 2056 399 2122 τῆς
438 2056 660 2124 μετοχῆς
701 2055 858 2122 τῆν’
826 2076 973 2123 εκτην
1006 2061 1160 2113 πόλιν
1193 2058 1620 2129 Ἁλικαρνησσόν.

34 2131 283 2185 τούτοισι
326 2131 419 2198 μέν
465 2154 554 2185 νυν
594 2131 737 2185 ουτοι
778 2131 963 2199 ταύτην
1003 2136 1096 2203 τὴν
1137 2138 1314 2204 ζημίην
1356 2140 1618 2206 ἐπέθηκαν.
1642 2152 1666 2191 ⁵

33 2207 289 2261 Δυώδεκα
328 2205 389 2259 δέ
422 2226 510 2274 μοι
550 2204 786 2259 δοκέουσι
824 2209 1010 2263 πόλιας
1053 2209 1372 2277 ποιήσασθαι
1419 2217 1469 2267 οἱ
1503 2214 1620 2269 Ἰω-
1649 2216 1757 2273 145

34 2308 137 2348 νες,
180 2285 265 2337 καὶ
309 2284 398 2336 οὐκ
436 2284 681 2351 ἐθελῆσαι
718 2285 940 2339 πλεῦνας
983 2285 1314 2351 ἐσδέξασθαι,
1357 2292 1508 2344 τοῦδε
1549 2316 1618 2347 ει-

34 2384 177 2423 νεκα,
212 2359 295 2413 ὅτι
334 2362 415 2413 καὶ
456 2358 541 2413 ὅτε
579 2361 633 2413 ἐν
670 2360 1055 2433 Πελοποννήσῳ
1089 2362 1267 2427 οἴκεον,
1303 2367 1588 2423 δυώδεκα’
1559 2394 1622 2437 ην

33 2439 208 2491 αὐτῶν
246 2436 423 2508 μέρεα·
479 2440 701 2509 κατάπερ
740 2444 830 2492 νῦν
853 2439 1093 2509 Ἀχαιῶν,
1125 2446 1228 2494 τῶν
1266 2442 1622 2507 ἐξελασάντων

22 2514 233 2576 Ἴωνας,
278 2516 503 2569 δυώδεκά
548 2516 663 2570 ἐστι
703 2519 877 2586 μέρεα·
934 2518 1176 2615 Πελλήνη
1217 2519 1308 2585 μέν
1347 2540 1404 2572 τε
1444 2524 1619 2590 πρώτη
1641 2538 1666 2577 ²

30 2595 169 2663 πρὸς
211 2597 481 2649 Σικυῶνος·
534 2595 665 2661 μετὰ
704 2594 778 2654 δε,
816 2591 1044 2664 Αιγειρα,
1088 2617 1168 2649 και
1209 2596 1380 2665 Αἰγαί·
1441 2597 1520 2662 (ἐν
1558 2602 1621 2665 τῇ

107 2692 212 2723 τοι.
233 2690 265 2721 1.
818 2685 856 2723 G
