1975 2892
299 123 368 178 18
877 135 1279 180 ΗΡοΔοΤοΥ

1512 191 1585 240 [Α.
1600 192 1643 229 c.
1660 189 1876 230 boo—546.

221 251 274 296 16
295 251 465 307 τοῦτο,
493 245 534 299 ὦ
560 249 805 311 βασιλεῦ,
835 248 1027 303 δίκαιός
1068 248 1182 300 ἐστι
1220 246 1497 318 φέρεσθαι.
1541 254 1781 300 σκοπέειν
1818 251 1875 299 δέ

299 326 400 396 χρὴ
452 327 641 380 παντὸς
691 324 949 395 χρήματος
994 325 1087 394 τὴν
1130 326 1373 392 τελευτὴν
1424 328 1483 392 κῆ
1530 324 1873 392 ἀποβήσεται.

228 415 276 456 1'!
303 405 555 456 πολλοῖσι
593 404 694 474 γὰρ
734 404 794 472 δὴ
836 405 1087 469 ὑποδέξας
1126 403 1293 468 ὄλβον
1330 407 1359 456 ὁ
1400 403 1532 461 θεὸς,
1572 403 1881 472 προρρίζους

201 481 278 535 33
299 477 608 551 ἀνέτρεψε.”
810 485 978 534 Ταῦτα
1003 482 1172 550 λέγων
1195 483 1268 553 τῷ
1296 481 1524 552 Κροίσῳ,
1547 483 1608 532 οὔ
1634 501 1732 534 κως
1758 483 1881 532 οὔτε

303 560 584 630 ἐχαρίζετο,
613 560 730 612 οὔτε
752 561 916 629 λόγου
935 579 1022 626 μιν
1046 560 1389 626 ποιησάμενος
1414 559 1619 612 οὐδενὸς
1644 558 1877 625 ἀποπέμ-

297 651 462 691 πεται·
509 639 666 708 κάρτα
693 638 845 704 δόξας
870 635 1065 703 ἀμαθέα
1090 632 1233 700 εἶναι,
1264 634 1321 690 ὃς
1346 637 1411 688 τὰ
1436 638 1687 705 παρεόντα
1712 635 1883 705 ἀγαθὰ

300 716 484 782 μετεὶς,
513 715 604 778 τὴν
627 714 870 781 τελευτὴν
893 715 1083 768 παντὸς
1107 711 1368 783 χρήματος
1394 717 1517 783 ὁρᾷν
1540 714 1764 765 ἐκέλευε.

208 796 285 849 34
383 791 527 842 Μετὰ
567 791 624 842 δὲ
667 793 873 843 Σόλωνα
923 791 1204 860 οἰχόμενον,
1248 791 1413 854 ἔλαβε
1454 791 1511 842 ἐκ
1552 789 1673 842 θεοῦ
1726 789 1870 858 νέμε-

307 886 393 921 σις
429 868 626 935 μεγάλη
669 871 906 934 Κροῖσον·
945 869 1017 923 ὡς
1056 869 1271 931 εἰκάσαι,
1316 868 1396 920 ὅτι
1436 868 1642 935 ἐνόμισε
1682 870 1873 920 ἑωυτὸν

262 961 287 1000 2
311 939 438 995 εἶναι
479 941 755 1011 ἀνθρώπων
807 943 1041 996 ἁπάντων
1091 942 1429 1005 ὀλβιώτατον.
1491 943 1669 994 αὐτίκα
1722 945 1780 996 δέ
1832 946 1884 996 οἶ

309 1017 507 1072 εὕδοντι
545 1019 734 1086 ἐπέστη
763 1019 971 1090 ὄνειρος,
1004 1019 1061 1074 ὅς
1086 1021 1135 1072 οἱ
1162 1019 1254 1088 τὴν
1288 1015 1533 1086 άληθηΐην
1567 1021 1747 1089 ἔφαινε
1781 1027 1886 1073 τῶν

269 1109 293 1150 8
308 1100 602 1165 μελλόντων
624 1097 864 1168 γενέσθαι
889 1103 1053 1151 κακῶν
1078 1099 1203 1150 κατὰ
1229 1099 1320 1151 τὸν
1352 1099 1526 1151 παῖδα.
1569 1095 1703 1164 ἦσαν
1728 1099 1785 1151 δὲ
1812 1100 1885 1172 τῷ

310 1175 520 1246 Κροίσῳ
542 1172 633 1226 δῦο
658 1177 850 1230 παῖδες·
893 1180 997 1228 τῶν
1015 1173 1223 1245 οὕτερος
1241 1176 1333 1243 μὲν
1358 1175 1658 1246 διέφθαρτο·
1700 1174 1763 1242 ἦν
1780 1179 1887 1247 γὰρ

311 1251 374 1318 δὴ
417 1253 608 1320 κωφός·
651 1255 681 1304 ὁ
723 1253 781 1304 δὲ
811 1252 1002 1323 ἕτερος,
1040 1258 1141 1306 τῶν
1178 1252 1369 1321 ἡλίκων
1406 1258 1581 1325 μακρῷ
1618 1254 1683 1306 τὰ
1719 1257 1887 1308 πάντα

266 1349 292 1390 4
310 1335 528 1401 πρῶτος·
569 1332 758 1396 οὕνομα
775 1329 834 1383 δέ
857 1332 906 1383 οἱ
931 1328 995 1398 ἦν
1008 1328 1187 1385 ''A-nse.
1228 1335 1411 1384 τοῦτον
1438 1331 1499 1398 δὴ
1520 1330 1590 1384 ὣν
1620 1330 1888 1385 τὸν”Ατυν
1974 1322 1975 1331 ¹

311 1407 543 1475 σημαίνει
581 1410 652 1479 τῷ
680 1408 888 1480 Κροίσῳ
928 1412 957 1461 ὁ
994 1407 1205 1478 ὄνειρος,
1248 1410 1315 1464 ὧς
1354 1409 1563 1462 ἀπολέει
1600 1431 1688 1478 μιν
1726 1409 1889 1478 αἰχμῇ
1972 1405 1975 1476 J

271 1496 295 1538 5
313 1485 523 1556 σιδηρέῃ
569 1485 844 1552 βληθέντα.
887 1490 916 1539 ὁ
959 1487 1015 1539 δὲ
1056 1487 1169 1540 ἐπεί
1205 1508 1263 1539 τε
1308 1487 1563 1558 ἐζεγέρθη,
1599 1488 1680 1540 καὶ
1716 1488 1892 1560 ἑωυτῷ

310 1566 472 1628 λόγον
496 1564 668 1624 ἔδωκε,
698 1562 1092 1634 καταρρωδήσας
1126 1566 1215 1617 τὸν
1241 1563 1453 1632 ὄνειρον,
1483 1564 1659 1635 ἄγεται
1691 1565 1786 1632 μὲν
1817 1569 1889 1638 τῷ

310 1641 453 1695 παιδὶ
487 1645 714 1711 γυναῖκα·
758 1640 949 1694 ἐωθότα
979 1642 1037 1694 δὲ
1075 1644 1405 1713 στρατηγέειν
1438 1663 1527 1710 μιν
1550 1647 1651 1695 τῶν
1689 1644 1888 1703 Λυδῶν,

314 1720 508 1786 οὐδαμῆ
551 1720 626 1771 ἔτι
666 1719 750 1772 ἐπὶ
785 1722 986 1771 τοιοῦτο
1026 1722 1235 1790 πρῆγμα
1274 1718 1542 1787 ἐξέπεμπε·
1586 1721 1793 1773 ἀκόντια
1834 1722 1889 1775 δέ

315 1796 396 1848 καὶ
441 1797 665 1866 δοράτια.
709 1797 788 1849 καὶ
827 1798 890 1848 τὰ
929 1800 1137 1849 τοιαῦτα
1174 1799 1339 1850 πάντα
1382 1800 1521 1850 τοῖσι
1566 1798 1805 1869 χρέονται
1837 1799 1893 1854 ἐς

312 1876 539 1940 πόλεμον
563 1873 835 1941 ἅνθρωποι,
865 1874 919 1926 ἐκ
939 1879 1043 1927 τῶν
1058 1875 1351 1944 ἀνδρεώνων
1376 1875 1667 1943 ἐκκομίσας,
1696 1876 1749 1930 ἐς
1766 1876 1894 1932 τοὺς

316 1950 575 2018 θαλάμους
613 1950 880 2017 συνένησε,
909 1950 977 2019 μή
1014 1972 1065 2003 τι
1104 1954 1155 2005 οἱ
1186 1955 1494 2023 κρεμάμενον
1519 1957 1590 2026 τῷ
1615 1955 1759 2008 παιδὶ
1796 1955 1891 2022 ἐμ.-

221 2032 294 2085 35
315 2027 470 2094 πέσῃ.
609 2025 862 2096 Ἐχοντος
877 2029 936 2082 δέ
953 2031 1005 2081 οἶ
1026 2030 1081 2082 ἐν
1103 2031 1261 2099 χερσὶ
1286 2034 1377 2082 τοῦ
1396 2031 1577 2085 παιδὸς
1596 2032 1684 2084 τὸν
1700 2032 1891 2101 γάμον,

315 2105 598 2159 ἀπικνέεται
637 2105 688 2160 ἐς
725 2107 816 2161 τὰς
850 2108 1033 2176 Σάρδις
1071 2107 1195 2178 ἀνὴρ
1232 2109 1481 2178 συμφορῇ
1520 2109 1778 2176 ἐχόμενος,
1808 2111 1895 2162 καὶ

170 2211 204 2239 e.
219 2211 284 2239 an.
315 2184 376 2236 οὗ
402 2183 617 2253 καθαρὸς
647 2186 821 2254 χεῖρας
860 2185 974 2246 ἐὼν,
1004 2184 1145 2255 Φρὺξ
1179 2185 1272 2253 μὲν
1305 2187 1470 2256 γενεῇ,
1498 2187 1669 2256 γένεος
1707 2187 1764 2239 δὲ
1799 2191 1897 2240 τοῦ

185 2260 280 2338 245³:
314 2257 614 2329 βασιληίου.
655 2262 924 2332 παρελθὸν
969 2263 1029 2316 δὲ
1070 2261 1220 2317 οὗτος
1265 2264 1319 2318 ἐς
1363 2265 1427 2317 τὰ
1467 2263 1694 2332 Κροίσου
1732 2263 1893 2325 οίκία.

276 2349 300 2386 2
317 2339 441 2392 κατὰ
467 2342 649 2406 νόμους
673 2340 790 2394 τοὺς
817 2340 1124 2410 ἐπιχωρίους
1143 2339 1425 2410 καθαρσίου
1451 2340 1617 2394 ἐδέετο
1652 2344 1893 2411 κυρῆσαι·

318 2419 540 2484 Κροῖσος
567 2417 626 2470 δέ
655 2438 742 2484 μιν
767 2417 997 2486 ἐκάθηρε.
1040 2419 1156 2470 ἔστι
1195 2419 1250 2471 δὲ
1282 2419 1615 2489 παραπλησίη
1642 2417 1671 2485 ἧ
1700 2420 1891 2490 κάθαρ-

276 2511 300 2550 a
318 2512 403 2546 σις
448 2495 588 2546 τοῖσι
633 2495 847 2546 Λυδοῖσι
894 2495 975 2545 καὶ
1023 2497 1161 2547 τοῖσι
1196 2494 1443 2562 Ἕλλησι.
1487 2496 1597 2549 ἐπεί
1641 2517 1697 2548 τε
1734 2497 1790 2550 δέ
1826 2499 1894 2550 τὰ

315 2570 614 2637 νομιζόμενα
649 2571 859 2636 ἐποίησε
897 2573 927 2624 ὁ
965 2574 1207 2640 Κροῖσος,
1250 2573 1553 2626 ἐπυνθάνετο
1606 2574 1785 2628 ὁκόθεν
1834 2597 1885 2630 τι
