1975 2892
614 118 993 166 Imma—1.
1023 117 1195 166 (ιο-(η.
1615 119 1683 176 31

101 185 168 224 01.
191 185 254 224 ⁵⁵.
276 182 418 222 1-58,
433 183 494 232 3.]

113 244 238 294 σθαι
281 242 338 294 ἐκ
377 244 467 308 τῆς
507 242 755 311 νεογάμου
793 243 1029 310 γυναικὸς
1066 242 1229 307 τέκνα,
1260 243 1502 314 ἐμίσγετό
1541 245 1591 298 οἶ
1630 245 1692 296 οὗ

113 322 240 372 κατὰ
268 323 441 386 νόμον.
500 320 564 370 τὰ
597 318 690 386 μέν
715 340 803 372 νυν
826 326 1004 390 πρῶτα
1037 321 1251 389 ἔκρυπτε
1284 325 1441 374 ταῦτα
1474 322 1505 389 ἦ
1540 321 1686 392 γυνὴ
1708 337 1733 378 8

112 400 243 465 μετὰ
270 397 344 457 δὲ,
375 395 476 449 εἴτε
504 394 801 465 ἱστορεύσῃ,
828 395 930 450 εἴτε
965 398 1049 451 καὶ
1082 397 1162 458 οὒ,
1190 400 1374 468 φράζει
1408 403 1469 466 τῇ
1506 401 1691 466 ἑωυτῆς

117 475 294 544 μητρί·
344 474 374 541 ἡ
410 474 484 535 δὲ,
514 475 585 546 τῷ
610 474 773 544 ἀνδρί.
841 476 932 528 τὸν
963 476 1021 528 δὲ
1058 476 1222 528 δεινόν
1254 497 1304 527 τι
1337 477 1483 544 ἔσχε,
1512 478 1688 544 ἀτιμό·
1706 491 1734 533 4

115 553 298 617 (εσθαι
331 555 462 621 πρὸς
498 554 900 622 Πεισιστράτου.
961 553 1091 622 ὀργῇ
1126 553 1201 613 δὲ,
1240 554 1309 608 ὣς
1343 549 1469 622 εἶχε,
1504 556 1689 606 καταλ·

115 632 357 683 λάσσετο
398 629 489 696 τὴν
525 628 715 699 ἔχθρην
759 632 898 682 τοῖσι
944 632 1286 697 στασιώτῃσι.
1344 631 1519 699 μαθὼν
1562 632 1618 684 δὲ
1664 632 1691 684 ὃ
1708 647 1733 687 6

117 708 504 773 Πεισίστρατος
529 708 593 759 τὰ
618 728 888 774 ποιευμενα
914 707 993 760 ἐπ
1022 709 1207 782 εωυτῷ,
1236 707 1666 763 ἀπαλλάσσετο’
1637 730 1693 761 εκ

117 787 212 852 τῆς
251 787 423 854 χώρης
460 785 520 837 τὸ
558 786 814 854 παράπαν.
876 785 1177 852 ἀπικόμενος
1219 787 1276 839 δε
1323 787 1377 841 ε’ς
1414 785 1691 856 Ἐρέτριαν,
1725 791 1826 874 244³·

119 861 429 926 ἐβουλεύετο
465 863 567 930 ἅμα
601 864 740 914 τοῖσι
773 862 945 915 παισί.
1000 862 1205 916 Ἱππίεω
1242 865 1297 917 δὲ
1332 867 1534 934 γνώμην
1558 863 1692 931 νική-
1706 883 1735 923 ⁸

121 961 330 1000 σαντος,
353 939 717 992 ἀνακτᾶσθαι’
690 939 860 995 οπίσω
886 940 978 1007 τὴν
1002 942 1286 1010 τυραννίδα,
1316 943 1530 994 ἐνθαῦτα
1554 945 1692 1012 ἤγει-

118 1040 215 1088 ρον
243 1017 452 1071 δωτίνας
479 1017 534 1068 ἐκ
559 1021 662 1068 τῶν
684 1016 899 1078 πολίων,
929 1015 985 1070 αἶ
1007 1019 1138 1072 τινές
1164 1020 1268 1088 σφι
1294 1020 1578 1089 προῃδέατό
1604 1041 1695 1072 κου

121 1117 193 1147 τι.
249 1096 464 1148 πολλῶν
489 1094 545 1147 δὲ
569 1096 770 1163 μεγάλα
799 1097 1174 1165 παρασχόντων
1197 1095 1449 1165 χρῆματα,
1480 1099 1697 1164 θηβαῖοι

121 1173 508 1242 ὑπερεβάλοπο
547 1173 610 1239 τῇ
656 1172 802 1225 δόσεῖ
844 1178 946 1226 τῶν
984 1175 1274 1242 χρημάτων.
1345 1176 1473 1242 μετὰ
1518 1175 1592 1239 δὲ,
1635 1175 1697 1227 οὗ
1719 1189 1744 1232 7

121 1252 310 1322 πολλῷ
333 1252 476 1322 λόγῳ
503 1249 678 1310 εἰπεῖν,
706 1253 892 1319 χρόνος
917 1251 1090 1320 διέφυ,
1120 1253 1201 1304 καὶ
1224 1253 1389 1306 πάντα
1417 1254 1520 1322 σφι
1548 1251 1694 1322 ἐξήρ-

125 1349 251 1380 τυτο
288 1327 341 1381 ἐς
375 1327 466 1394 τὴν
501 1327 732 1380 κάτοδον.
789 1328 870 1380 καὶ
904 1329 1005 1398 γὰρ
1032 1329 1253 1399 Ἀργεῖοι
1288 1329 1541 1398 μισθωτοὶ
1578 1329 1694 1383 ἀπί-
1714 1337 1739 1378 8

127 1425 278 1457 κοντο
311 1405 366 1457 ἐκ
391 1403 813 1471 Πελοποννήσου·
857 1406 939 1458 καὶ
967 1405 1158 1471 Νάξιός
1193 1409 1297 1476 σφι
1333 1407 1459 1476 ἀνὴρ
1484 1406 1695 1477 ἀπιγμέ-

127 1503 216 1537 νος
243 1481 526 1550 ἐθελοντὴς,
549 1486 622 1552 τῷ
647 1486 834 1550 οὔνομα
859 1481 922 1549 ἦν
946 1483 1222 1553 Λύγδαμις,
1244 1483 1528 1553 προθυμίην
1551 1483 1698 1538 πλεί-

121 1579 257 1626 στην
279 1557 567 1628 παρείχετο,
596 1555 810 1624 κομίσας
835 1557 916 1608 καὶ
949 1553 1186 1624 χρήματα
1211 1556 1294 1608 καὶ
1320 1555 1517 1626 ἄνδρας.
1598 1556 1690 1625 Ἐξ
1722 1559 1798 1614 62

123 1635 385 1706 Ἐρετρίης
421 1636 477 1687 δὲ
519 1632 832 1703 ὁρμηθέντες,
875 1633 958 1686 διὰ
999 1631 1263 1685 ἑνδεκάτου
1304 1633 1443 1688 ἔτεος
1484 1633 1687 1689 ἀπίκον-

121 1736 186 1768 το
227 1713 411 1767 ὀπίσω.
479 1713 560 1765 καὶ
600 1715 802 1781 πρῶτον
841 1712 931 1777 τῆς
971 1709 1201 1777 Ἀττικῆς
1244 1707 1463 1779 ἴσχουσι
1510 1721 1687 1784 Μαρα-

131 1791 286 1844 θῶνα.
344 1790 398 1842 ἐν
423 1789 480 1842 δὲ
504 1787 668 1861 τούτῳ
695 1794 766 1861 τῷ
790 1791 944 1861 χώρῳ
971 1790 1077 1858 σφι
1105 1789 1698 1858 στρατοπεδευομένοισι,
1722 1805 1747 1847 2

131 1866 190 1921 οἵ
221 1888 278 1920 τε
318 1868 372 1920 ἐκ
411 1870 503 1919 τοῦ
541 1866 728 1921 ἄστεος
767 1871 1052 1920 στασιῶται
1091 1866 1349 1927 ἀπίκοντο,
1378 1865 1531 1919 &Xon
1564 1889 1621 1920 τε
1647 1867 1702 1919 ἐκ

131 1951 236 2000 τῶν
262 1944 432 2013 δήμων
455 1943 789 2014 προσέρρεον,
818 1939 928 1997 οἷσι
958 1943 988 2011 ἡ
1016 1946 1245 2014 τυραννὶς
1278 1946 1379 2014 πρὸ
1414 1944 1705 2015 ἐλευθερίης

130 2023 198 2091 ἦν
233 2023 645 2092 ἀσπαστότερον.
701 2021 842 2074 οὗτοι
879 2023 972 2090 μὲν
1010 2022 1071 2090 δὴ
1120 2022 1471 2089 συνηλίζοντο.
1552 2018 1710 2087 ’Δθὴ-
1730 2034 1755 2074 8

132 2102 288 2156 ναίων
325 2101 382 2154 δὲ
422 2101 471 2152 οἱ
510 2121 566 2152 εκ
605 2103 697 2153 τοῦ
737 2099 941 2159 αστεος,
972 2099 1068 2155 ἕως
1104 2101 1197 2167 μὲν
1223 2100 1603 2170 Πεισίστρατος
1642 2101 1706 2152 τὰ

132 2176 371 2249 χρήματα
397 2180 584 2248 ἤγειρε,
613 2178 696 2230 καὶ
720 2181 954 2245 μεταῦτις
980 2179 1048 2232 ὥς
1074 2178 1201 2246 ἔσχε
1221 2176 1527 2246 Μαραθῶνα,
1546 2177 1709 2246 λόγον

133 2257 318 2310 οὐδένα
344 2250 502 2323 εἶχον.
559 2255 669 2309 ἐπεί
707 2276 764 2307 τε
802 2256 859 2308 δε
900 2253 1147 2308 ε’πῦθοντο
1188 2275 1243 2306 εκ
1278 2257 1371 2307 τοῦ
1396 2252 1709 2323 Μαραθῶνος

135 2334 294 2388 αυτὸν
316 2329 624 2401 πορευεσθαι
665 2333 748 2386 ἐπὶ
787 2334 846 2385 τὸ
885 2331 1038 2392 ἄστυ,
1067 2353 1200 2384 ουτω
1228 2330 1289 2398 δὴ
1324 2329 1657 2397 βοηθέουσι’
1631 2329 1707 2384 επ’

136 2413 308 2465 αὐτόν.
353 2410 434 2462 καὶ
459 2409 602 2462 οὗτοί
627 2431 682 2463 τε
708 2413 1025 2479 πανστρατιῇ
1042 2404 1175 2476 ᾖσαν
1196 2409 1278 2460 ἐπὶ
1296 2429 1415 2462 τους
1435 2410 1707 2462 κατιόντας·
1729 2429 1755 2469 4

49 2533 54 2540 .
138 2491 224 2544 καὶ
249 2489 300 2540 οἱ
325 2488 461 2556 ἀμφὶ
483 2488 880 2557 Πεισίστρατον,
903 2487 972 2540 ὣς
1000 2484 1301 2556 ὁρμηθέντες
1326 2484 1381 2535 ἐκ
1402 2483 1713 2554 Μαραθῶνος

139 2571 300 2636 ἤῖσαν
325 2566 409 2620 ε’πὶ
435 2567 494 2618 τὸ
519 2564 672 2626 ἄστυ,
702 2565 755 2618 ἐς
788 2563 952 2616 τῶυτὸ
987 2565 1246 2615 συνιόντες
1280 2561 1595 2614 ἀπικνέονται
1630 2559 1715 2612 ἐπὶ
