1975 2892
271 61 348 116 42
855 71 1264 118 ΗΡυΔοΤοΥ

1609 117 1667 164 [A
1694 119 1852 158 αεισ.

273 187 372 257 νόῳ
397 184 550 254 ἔχων,
578 183 939 253 παρακαλέσας
965 183 1058 250 μέν
1090 183 1398 254 Αἰγυπτίους
1424 184 1549 236 κατὰ
1574 186 1633 237 τὸ
1662 184 1857 254 ὅρκιον,

229 270 257 312 2
276 260 579 334 (ἐποιήσατο
599 263 700 332 γὰρ
727 262 808 314 καὶ
827 263 956 331 πρὸς
969 259 1199 328 Ἀμασιν
1224 260 1572 326 βασιλεύοντα
1590 261 1858 332 Αἰγύπτου

276 340 570 408 συμμαχίην
603 342 853 409 πρότερον
879 341 1009 408 ἤπερ
1035 341 1165 408 πρὸς
1201 334 1669 408 Λακεδαιμονίους,)
1698 361 1855 406 μετα-

273 418 608 487 πεμψάμενος
633 417 687 470 δὲ
716 418 797 469 καὶ
824 417 1202 480 Βαβυλωνίους,
1226 415 1334 490 (καὶ
1359 419 1459 488 γὰρ
1485 421 1614 488 πρὸς
1639 417 1861 472 τοῦτ-ους

275 496 410 568 αὐτῷ
438 495 706 562 ἐπεποίητο
745 495 1027 563 συμμαχίη·
1074 496 1367 565 ἐτυράννευε
1393 497 1449 548 δὲ
1478 501 1577 548 τῶν
1598 498 1859 565 Βαβυλω-

275 573 396 628 νίων
421 576 510 626 τὸν
535 575 724 643 χρόνον
749 576 932 626 τοῦτον
966 568 1310 641 Λαβύνητος·)
1349 573 1658 644 ἐπαγγείλας
1684 575 1743 626 δὲ
1777 574 1864 626 καὶ

277 651 699 719 Λακεδαιμονίους
729 653 958 720 παρεῖναι
987 650 1038 705 ἐς
1070 653 1257 720 χρόνον
1282 650 1454 721 ῥητόν·
1496 653 1685 706 ἁλίσας
1712 673 1769 704 τε
1800 652 1864 719 δὴ

249 728 506 789 ’τούν-ους,
546 729 627 781 καὶ
666 728 757 795 τὴν
797 730 977 780 ἑαυτοῦ
1020 728 1281 796 συλλέξας
1323 730 1583 800 στρατιὴν,
1626 730 1863 790 ἐνένωτο,

276 809 365 861 τὸν
409 811 631 875 χειμῶνα
670 806 864 874 παρεὶς,
893 807 997 873 ἅμα
1036 809 1109 880 τῷ
1144 804 1229 877 ἦρι
1276 805 1571 878 στρατεύειν
1611 807 1696 860 ἐπὶ
1742 807 1868 862 τοὺς

239 885 505 955 δΠέρσας.
576 885 657 937 καὶ
684 887 712 936 ὁ
737 885 848 952 μὲν,
877 888 1035 936 ταῦτα
1070 883 1319 954 φρονέων,
1350 886 1417 940 ὧς
1452 885 1661 938 ἀπίκετο
1690 885 1745 940 ἐς
1768 886 1868 940 τὰς

279 964 477 1034 Σάρδις,
507 963 698 1030 ἔπεμπε
726 960 940 1032 κήρυκας
976 964 1103 1014 κατὰ
1128 963 1218 1018 τὰς
1246 963 1556 1031 συμμαχίας,
1582 963 1864 1034 προερέον-

238 1053 369 1096 iras*
406 1041 456 1096 ἐς
490 1039 723 1107 πέμπτον
756 1042 890 1108 μῆνα
927 1039 1282 1110 συλλέγεσθαι
1319 1042 1371 1096 ἐς
1406 1043 1605 1111 Σάρδις.
1686 1043 1780 1094 τὸν
1806 1041 1868 1094 δὲ

281 1119 534 1190 παρεόντα
587 1118 672 1171 καὶ
723 1119 1085 1187 μαχεσάμενον
1125 1120 1349 1188 στρατὸν
1394 1119 1653 1189 Πέρσῃσι,
1698 1116 1757 1173 ὃς
1802 1117 1871 1185 ἦν

281 1197 435 1249 αὐτοῦ
467 1197 696 1262 ξεινικὸς,
725 1197 890 1250 πάντα
916 1195 1087 1264 ἀφεὶς,
1117 1197 1436 1250 διεσκέδασε·
1483 1197 1679 1264 οὐδαμὰ
1704 1197 1865 1250 ἐλπί-

283 1296 381 1329 σας
399 1271 468 1343 μῆ
491 1294 606 1326 κοτε
626 1273 724 1345 ἄρα
742 1274 1121 1345 ἀγωνισάμενος
1140 1271 1275 1327 οὕτω
1294 1276 1668 1344 παραπλησίως
1694 1279 1871 1344 Κῦρος

191 1353 267 1415 78
284 1353 470 1406 ἐλάσει
497 1353 580 1406 ἐπὶ
608 1353 806 1422 Σάρδις.
1010 1355 1176 1404 Ταῦτα
1204 1353 1545 1425 ἐπιλεγομένῳ
1568 1353 1777 1425 Κροίσῳ
1804 1355 1870 1405 τὸ

282 1431 592 1501 προάστειον
617 1433 718 1484 πᾶν
743 1431 910 1499 ὀφίων
937 1427 1247 1498 ἐνεπλήσθη.
1307 1431 1570 1499 φανέντων
1597 1430 1651 1482 δὲ
1679 1431 1868 1492 αὐτῶν,

285 1511 334 1562 οἱ
361 1506 506 1563 ἵπποι
532 1509 782 1577 μετιέντες
808 1510 897 1563 τὰς
924 1509 1080 1576 νομὰς
1106 1508 1367 1576 νέμεσθαι,
1390 1508 1682 1578 φοιτέοντες
1711 1507 1867 1574 κατή-

287 1585 456 1641 σθιον.
512 1587 670 1640 ἰδόντι
710 1587 766 1639 δὲ
807 1590 957 1639 τοῦτο
996 1587 1224 1658 Κροίσῳ,
1264 1588 1441 1657 ὥσπερ
1483 1588 1565 1639 καὶ
1602 1584 1681 1652 ἦν,
1719 1586 1871 1652 ἔδοξε

247 1683 273 1723 2
287 1665 434 1735 τέρας
487 1660 628 1718 εἶναι.
711 1665 888 1718 αὐτίκα
941 1664 997 1717 δὲ
1049 1666 1241 1732 ἔπεμπε
1294 1664 1611 1734 θεοπρόπους
1664 1665 1717 1718 ἐς
1766 1670 1873 1716 τῶν

289 1742 570 1812 ἐξηγητέων
595 1744 960 1810 Τελμησσέων.
1024 1742 1375 1812 ἀπικομένοισι
1402 1743 1457 1795 δὲ
1485 1745 1623 1795 τοῖσι
1652 1742 1867 1813 θεοπρό-

287 1840 454 1880 ποισι,
478 1820 559 1872 καὶ
583 1821 806 1888 μαθοῦσι
832 1823 959 1892 πρὸς
984 1821 1333 1888 Τελμησσέων
1358 1822 1418 1873 τὸ
1440 1820 1585 1874 θέλει
1608 1821 1873 1888 σημαίνειν

239 1911 274 1954 ,8
290 1899 348 1950 τὸ
376 1896 540 1967 τέρας,
570 1897 660 1949 οὐκ
689 1898 946 1967 ἐξεγένετο
974 1900 1185 1971 Κροίσῳ
1212 1899 1541 1970 ἀπαγγεῖλαι.
1622 1899 1742 1968 πρὶν
1767 1899 1871 1969 γὰρ

290 1973 320 2044 ἢ
349 1974 518 2028 ὀπίσω
548 1976 716 2044 σφέας
741 1975 1044 2030 ἀναπλῶσαι
1072 1977 1123 2032 ἐς
1149 1978 1238 2032 τὰς
1270 1979 1470 2048 Σάρδις,
1501 1977 1617 2046 ἥλω
1645 1980 1673 2029 ὁ
1712 1981 1869 2046 Κροῖ-

293 2075 409 2109 σος.
510 2053 840 2121 Τελμησσέες
891 2054 984 2122 μέν
1037 2076 1119 2107 τοι
1169 2056 1289 2108 τάδε
1341 2057 1591 2126 ἔγνωσαν,
1646 2057 1877 2125 στρατὸν

292 2131 582 2203 ἀλλόθροον
618 2133 968 2202 προσδόκιμον
1009 2154 1133 2185 ειναι
1174 2133 1381 2205 Κροίσῳ
1424 2134 1510 2188 ἐπὶ
1549 2133 1640 2200 τὴν
1676 2135 1874 2202 χώρην,

293 2211 595 2278 ἀπικόμενον
622 2211 676 2263 δε
705 2211 887 2263 τοῦτον
914 2210 1370 2280 καταστρέψεσθαι
1396 2212 1515 2266 τοὺς
1543 2211 1869 2281 ἐπιχωρίους

292 2288 532 2357 λέγοντες
567 2288 692 2357 ὅφιν
727 2283 850 2340 εἶναι
889 2289 982 2358 γῆς
1021 2285 1245 2347 παῖδα,”
1224 2309 1378 2342 ιππον
1414 2290 1489 2350 δὲ,
1530 2290 1779 2357 πολέμιόν
1816 2311 1875 2342 τε

254 2365 376 2417 ικαὶ
413 2364 656 2432 ἐπήλυδα.
738 2364 1068 2432 Τελμησσέες
1101 2365 1194 2433 μέν
1230 2387 1317 2419 νυν
1351 2371 1510 2420 ταῦτα
1545 2367 1876 2437 υπεκρίναντο

296 2440 506 2512 Κροίσῳ
548 2443 640 2508 ἤδη
687 2441 923 2508 ἡλωκότι,
969 2441 1117 2496 οὐδέν
1159 2464 1231 2496 κω
1274 2443 1465 2500 ειδότες
1509 2450 1609 2500 τῶν
1654 2443 1716 2512 ἦν
1756 2447 1880 2517 περὶ

295 2516 476 2581 Σάρδις
501 2539 557 2569 τε
584 2520 664 2570 και
690 2519 842 2571 αὐτὸν
869 2521 1111 2587 Κροῖσον.
