1975 2892
263 74 379 132 298
851 87 1257 132 ΗΡοΔοΤογ

1543 146 1621 193 [Α.
1642 146 1696 186 C-
1716 158 1751 186 c.
1772 146 1857 186 520.

216 206 245 248 4
266 196 472 264 δύναμιν
505 197 566 249 οὗ
601 193 820 263 ποιήσω.
861 200 982 250 οὔτε
1013 199 1115 268 γάρ
1152 218 1240 265 μοι
1285 198 1631 264 Πολυκράτης
1669 200 1861 267 ἤρεσκε

264 275 527 339 δεσπόζων
551 274 747 344 ἀνδρῶν
771 275 961 343 ὁμοίων
987 278 1174 347 ἑωυτῷ,
1204 278 1322 327 οὔτε
1356 275 1522 329 ἄλλος
1560 275 1726 330 ὅστις
1752 295 1859 327 τοι-

263 356 388 404 αῦτα
420 353 601 406 ποιέει.
651 354 984 423 Πολυκράτης
1021 353 1115 421 μέν
1140 374 1228 406 νυν
1255 353 1510 418 ἐξέπλησε
1546 356 1749 421 μοῖραν
1774 354 1862 419 τὴν

263 430 471 483 ἑωυτοῦ·
527 431 628 501 ἐγὼ
669 431 724 483 δὲ
761 431 813 485 ε’ς
852 432 1015 498 μέσον
1047 430 1139 497 τὴν
1172 431 1333 501 ἀρχὴν
1364 429 1539 490 τιθεὶς,
1579 430 1859 498 ἷσονομίην

218 517 243 558 ὅ
265 508 378 577 ὑμῖν
395 506 744 580 προαγορεύω.
793 509 993 562 Τοσάδε
1028 508 1202 575 μέντοι
1228 509 1399 561 δικαιῶ
1427 508 1585 578 γέρεα
1610 508 1857 579 ἐμεωυτῷ

261 586 520 656 γενέσθω·
572 588 626 639 ἐκ
659 587 752 655 μέν
774 608 836 657 γε
874 592 976 639 τῶν
1001 588 1360 657 Πολυκράτεος
1399 587 1689 655 χρημάτων
1717 587 1853 653 ἐξαί-

260 684 383 733 ρετα
409 663 468 731 ἓξ
498 666 720 717 τάλαντά
753 684 840 732 μοι
873 664 1133 735 γενέσθαι·
1180 662 1429 734 ἱρωσύνην
1464 663 1520 715 δὲ
1557 665 1718 759 πρὸς
1734 662 1851 717 τοῦ-

261 761 400 794 τοισι
443 743 672 812 αἱρεῦμαι
699 742 847 837 “obv-{3
891 741 936 793 τ’
982 741 1114 809 ε’μοι,
1158 744 1241 795 και
1276 744 1415 795 τοῖσι
1452 741 1540 794 ἀπ’
1584 740 1719 809 ε’μεῦ
1758 742 1853 795 alei

259 820 590 887 γινομένοισι,
631 824 723 872 τοῦ
769 822 891 875 Διὸς
935 823 1028 873 τοῦ
1073 820 1418 889 Ἐλευθερίου·
1474 823 1549 891 τῷ
1592 820 1759 875 αὐτός
1796 842 1851 871 τε

262 896 370 963 ίρὸν
409 896 710 965 ἱδρυσάμην,
752 898 834 951 καὶ
868 898 959 966 τὴν
998 898 1291 969 ε’λευθερίην
1328 898 1443 965 ὑμῖν
1482 897 1847 967 περιτίθημι.’

219 986 244 1027 0
259 971 318 1025 ‘O
356 973 450 1041 μὲν
475 974 536 1041 δὴ
573 979 730 1028 ταῦτα
768 979 907 1027 τοῖσι
943 976 1182 1043 Σαμίοισι
1220 974 1592 1045 ἐπαγγέλλετο·
1648 981 1762 1028 τῶν
1796 975 1851 1028 δέ

259 1070 335 1104 τις
361 1051 644 1116 ἐξαναστὰς
669 1048 798 1106 εἶπε·
883 1058 919 1080 “
936 1052 1086 1106 Ἀλλ’
1114 1052 1220 1107 οὐδ’
1248 1053 1390 1118 ἄξιος
1416 1048 1468 1105 εἴ
1488 1050 1561 1105 σῦ
1586 1074 1651 1123 γε
1678 1052 1848 1121 ἡμέων

261 1127 452 1198 ἄρχειν,
479 1132 701 1201 γεγονώς
728 1152 785 1184 τε
819 1134 968 1187 κακὸς
1004 1134 1086 1185 καὶ
1124 1130 1222 1185 ἐὼν
1246 1130 1476 1201 ὄλεθρος·
1497 1131 1664 1183 ’ἀλλὰ
1708 1134 1844 1199 μᾶλ-

259 1208 356 1259 λον
387 1206 516 1262 ὅκως
553 1210 714 1276 λόγον
749 1210 933 1265 δώσεις
965 1215 1067 1262 τῶν
1106 1209 1459 1278 μετεχείρισας
1496 1206 1841 1277 χρημάτων.”

129 1283 243 1338 143
261 1286 426 1337 Ταῦτα
469 1278 594 1343 εἷπε,
631 1284 727 1336 ε’ὦν
763 1283 816 1337 ἐν
851 1289 990 1337 τοῖσι
1026 1282 1235 1336 ἀστοῖσι
1272 1284 1493 1349 δόκιμος,
1528 1287 1606 1355 τῷ
1642 1288 1837 1352 οὔνομα

261 1361 322 1430 ἦν
356 1362 698 1434 Τελέσαρχος.
781 1363 1091 1432 Μαιάνδριος
1126 1362 1183 1415 δὲ
1220 1364 1319 1434 νόῳ
1352 1362 1531 1423 λαβὼν
1556 1363 1628 1417 ὧς
1658 1364 1709 1417 εἶ
1741 1386 1831 1431 με-

261 1441 407 1507 τήσει
441 1444 534 1510 τὴν
559 1442 737 1511 ἀρχὴν,
761 1443 921 1497 ἄλλος
955 1463 1034 1496 τις
1066 1438 1173 1495 ἀντ’
1210 1441 1366 1494 αὐτοῦ
1398 1437 1644 1509 τύραννος
1678 1464 1831 1497 κατα·

217 1532 244 1573 2
261 1519 526 1587 στήσεται,
555 1520 616 1573 οὔ
641 1519 704 1587 δὴ
730 1540 778 1571 τι
805 1518 864 1572 έν
889 1520 986 1590 νόῳ
1015 1517 1123 1587 εἶχε
1154 1517 1373 1586 μετιέναι
1400 1517 1573 1583 αὐτήν·
1620 1516 1745 1569 ἀλλ’
1774 1518 1838 1571 ὡς

258 1598 553 1669 ἀνεχώρησε
587 1596 641 1653 ἔς
676 1597 766 1665 τὴν
791 1598 1087 1667 ἀκρόπολιν,
1115 1598 1559 1665 μεταπεμπόμενος
1598 1594 1686 1647 ἕνα
1723 1595 1835 1647 ἕκα·

260 1696 404 1737 στον,
454 1676 522 1731 ὣς
567 1676 627 1743 δὴ
673 1678 833 1744 λόγον
869 1679 972 1727 τῶν
1015 1676 1287 1745 χρημάτων
1327 1674 1526 1732 δώσων,
1570 1672 1841 1737 συνέλαβέ

259 1754 430 1822 σφεας
456 1754 540 1806 καὶ
557 1755 823 1819 κατέδησε.
867 1754 914 1805 οἱ
939 1752 1033 1819 μὲν
1052 1752 1113 1820 δὴ
1140 1751 1395 1804 ἐδεδέατο·
1440 1752 1759 1820 Μαιάνδριον
1782 1753 1839 1804 δὲ

212 1846 238 1887 a
256 1832 384 1898 μετὰ
409 1834 566 1884 ταῦτα
593 1833 844 1895 κατέλαβε
871 1834 1074 1884 νοῦσος.
1117 1827 1347 1893 ἐλπίζων
1372 1829 1431 1881 δέ
1453 1849 1541 1895 μιν
1558 1828 1836 1882 ἀποθανέε-

257 1907 382 1960 σθαι
417 1912 445 1959 d
481 1908 754 1978 ἀδελφεὸς,
783 1912 854 1981 τῷ
889 1911 1078 1974 οὕνομα
1120 1909 1205 1975 ἔην
1240 1908 1547 1976 Λυκάρητος,
1575 1902 1661 1958 ἵνα
1688 1908 1831 1960 εὗπε·

257 1984 508 2055 τεστέρως
536 1988 768 2056 κατάσχῃ
795 1987 858 2038 τὰ
885 1984 940 2039 έν
959 1988 1020 2053 τῇ
1048 1987 1195 2057 Σάμῳ
1221 1983 1511 2055 πρήγματα,
1531 1986 1833 2037 κατακτείνει

257 2064 375 2119 τοὺς
403 2064 666 2131 δεσμώτας
685 2067 893 2119 πάντας.
936 2064 999 2116 οὐ
1021 2065 1122 2134 γὰρ
1144 2064 1222 2130 δὴ,
1242 2063 1311 2117 ὣς
1336 2060 1529 2123 οἴκασι,
1550 2060 1831 2126 ε’βουλέατο

257 2138 382 2195 εἶναι
407 2141 686 2207 ἐλεύθεροι.

121 2218 236 2269 144
331 2216 536 2283 Ἐπειδὴ
575 2216 643 2267 ὧν
679 2215 918 2269 ἀπίκοντο
955 2214 1008 2269 ἐς
1042 2214 1133 2280 τὴν
1168 2213 1338 2279 Σάμον
1362 2213 1415 2264 οἱ
1446 2213 1654 2282 Πέρσαι
1680 2215 1821 2265 κατά-

254 2303 450 2357 γοντες
471 2296 794 2355 Συλοσῶντα,
833 2296 896 2345 οὔ
935 2314 993 2346 τε
1026 2292 1105 2347 τίς
1140 2293 1244 2359 σφι
1282 2293 1460 2359 χεῖρας
1497 2290 1822 2358 ἀνταείρεται,

252 2362 571 2417 ὑπόσπονδοί
603 2386 660 2417 τε
695 2367 900 2434 ἔφασαν
935 2368 1061 2420 εἶναι
1096 2368 1289 2435 ἑτοῖμοι
1314 2369 1365 2419 οἱ
1392 2370 1484 2419 τοῦ
1522 2369 1831 2438 Μαιανδρίου

253 2442 553 2498 στασιῶται,
596 2442 678 2493 καὶ
717 2442 868 2497 αὐτὸς
919 2446 1247 2513 Μαιάνδριος,
1292 2445 1586 2513 ἐκχωρῆσαι
1641 2446 1699 2497 ἐκ
1746 2447 1831 2511 τῆς

203 2512 230 2550 ²
251 2502 428 2565 νήσου.
473 2516 858 2572 καταινέσαντος
883 2518 980 2572 δ”
951 2522 1037 2573 επὶ
1060 2519 1297 2575 τούτοισι
1320 2520 1545 2574 Ὀτάνεω
1574 2522 1660 2575 καὶ
1688 2544 1828 2577 σπει·
