1975 2892
472 104 1002 154 ΕΥΤΕΡΠΗ.-ιι.
1041 123 1273 172 ιιι-ιι5.
1557 101 1670 162 177

62 171 119 207 Α.
144 167 195 206 c.
214 179 249 206 e.
271 167 370 207 11⁹3
384 167 427 216 ἵ]

70 226 295 296 Αἰγαίῳ,
336 225 557 290 ἐξῶσται
603 224 775 292 ἄνεμοι
822 225 1145 290 ἐκβάλλουσι
1187 228 1240 282 ἐς
1279 229 1340 280 τὸ
1387 227 1669 299 Αίγύπτιον

64 305 327 372 πέλαγος·
369 302 601 355 ἐνθεῦτεν
626 304 681 356 δὲ
723 301 807 370 (οὗ
846 305 947 374 γὰρ
972 304 1103 356 ἀνίει
1137 306 1202 357 τὰ
1225 301 1510 375 πνεύματα)
1545 306 1662 360 άπι-

65 380 275 435 κνέεται
301 379 357 435 ἔς
388 378 658 450 Αἴγυπτον,
688 381 768 434 καὶ
794 380 1055 452 Αἰγύπτου
1081 381 1136 436 ἔς
1163 385 1222 434 τὸ
1249 387 1337 436 νῦν
1371 386 1667 448 Κανωβικὸν

64 456 389 527 καλεύμενον
426 461 593 528 στόμα
627 463 719 512 τοῦ
756 459 965 524 Νείλου,
998 461 1080 512 καὶ
1107 461 1158 514 ἐς
1192 461 1478 531 Ταριχείας.
1520 460 1582 528 ἦν
1608 463 1662 515 δὲ
1683 479 1709 520 8

64 538 161 592 ε’πὶ
190 539 282 605 τῆς
306 533 489 605 ἧῖόνος,
518 535 546 593 ὃ
574 539 655 590 καὶ
682 541 771 591 νῦν
796 538 927 598 ε’στι,
954 537 1239 608 Ἡρακλέος
1275 540 1397 609 ἱρόν.
1441 540 1493 594 ἐς
1519 542 1577 594 τὸ
1604 538 1665 606 ἣν

67 617 390 684 καταφυγὼν
416 615 611 683 οἰκέτης
630 637 757 688 οτεῳ
777 615 1055 687 ἀνθρώπων
1075 616 1380 683 ἐπιβάληται
1409 617 1665 688 στίγματα

70 694 183 765 ἱρὰ,
214 694 402 746 ἑωυτὸν
428 694 597 748 διδοὺς
623 698 695 766 τῷ
722 694 839 767 θεῷ,
869 695 960 747 οὐκ
986 694 1162 760 ἔξεστι
1189 693 1372 749 τούτου
1399 695 1659 766 ἅψασθαι.

68 777 101 826 ὁ
132 775 291 839 νόμος
316 771 467 827 οὗτος
500 773 747 825 διατελέει
782 773 877 826 ε’ὼν
912 776 1087 840 ὅμοιος
1119 773 1274 844 μέχρι
1309 774 1429 841 ἐμεῦ
1463 775 1538 847 τῷ
1575 773 1661 827 ἀπ’

68 852 257 922 αρχῆς.
301 853 392 904 τοῦ
428 849 497 904 ὧν
528 850 589 918 δὴ
622 849 965 918 Ἀλεξάνδρου
1001 851 1302 905 ἀπιστέαται
1338 851 1712 922 θεράποντες,4

67 927 354 996 πυθόμενοι
380 930 468 981 τὸν
492 930 610 999 περὶ
636 931 695 982 τὸ
724 930 830 999 ἱρὸν
856 931 1041 998 ἔχοντα
1067 933 1237 997 νόμον·
1281 929 1438 983 ἱκέται
1473 931 1529 984 δὲ
1557 932 1659 998 ἱζό-

65 1027 223 1076 μενοι
248 1011 340 1059 τοῦ
366 1007 504 1068 θεοῦ,
528 1010 831 1077 κατηγόρεον
850 1011 941 1060 τοῦ
967 1006 1328 1078 Ἀλεξάνδρου,
1349 1010 1659 1078 βουλόμενοι

64 1086 334 1150 βλάπτειν
357 1085 526 1146 αὑτὸν,
554 1086 718 1138 πάντα
746 1088 907 1158 λόγον
941 1084 1263 1155 ἐξηγεύμενοι
1297 1087 1366 1142 ὣς
1401 1081 1510 1156 εἶχε
1541 1090 1660 1159 περὶ

65 1165 169 1230 τὴν
195 1161 407 1229 Ἑλένην
425 1185 481 1215 τε
508 1164 589 1216 καὶ
616 1163 706 1230 τὴν
726 1164 776 1218 ἐς
804 1163 1073 1217 Μενέλεων
1097 1164 1310 1232 ἀδικίην·
1354 1167 1660 1237 κατηγόρεον

70 1242 131 1295 δὲ
160 1245 323 1294 ταῦτα
346 1243 475 1312 πρός
499 1263 556 1294 τε
582 1242 701 1296 τοὺς
728 1242 863 1313 ἱρέας
883 1243 1073 1296 καὶτὸν
1091 1246 1183 1296 τοῦ
1201 1245 1456 1312 στόματος
1473 1241 1660 1297 τούτου

69 1317 336 1389 φύλακον,
358 1322 430 1393 τῷ
456 1322 643 1387 οὔνομα
669 1317 731 1386 ἦν
758 1326 937 1376 Θῶνις.
1175 1320 1428 1376 Ἀκούσας
1455 1323 1512 1374 δὲ
1537 1321 1654 1376 τού·
1680 1323 1797 1380 114

70 1419 181 1450 των
221 1400 251 1450 ὁ
304 1403 481 1459 Θῶνις,
522 1398 709 1465 πέμπει
748 1400 839 1467 τὴν
876 1399 1128 1468 ταχίστην
1167 1399 1219 1454 ές
1270 1399 1484 1468 Μέμφιν
1521 1401 1659 1471 παρὰ

70 1476 297 1545 Πρωτέα
322 1476 583 1547 ἀγγελίην,
603 1476 864 1547 λέγουσαν
889 1479 1028 1530 τάδε·
1075 1474 1284 1528 “Ἠκει
1311 1477 1490 1543 ξεῖνος,
1512 1478 1658 1548 γένος
1675 1490 1702 1531 2

69 1555 171 1621 μὲν
210 1557 443 1625 Τεῦκρος,
472 1556 623 1626 ἔργον
658 1555 714 1608 δὲ
753 1557 962 1609 ἀνόσιον
1003 1555 1056 1608 ἐν
1091 1559 1154 1622 τῇ
1188 1553 1406 1608 Ἐλλάδι
1446 1555 1655 1626 ἐξεργα-

72 1632 286 1699 σμένος·
331 1633 497 1699 ξείνου
520 1633 621 1704 γὰρ
642 1637 732 1686 τοῦ
754 1636 943 1686 ἑωυτοῦ
971 1629 1295 1700 ἐξαπατήσας
1313 1632 1405 1700 τὴν
1427 1636 1654 1706 γυναῖκα,

70 1707 235 1776 αὗτήν
260 1731 317 1762 τε
341 1709 525 1778 ταύτην
555 1711 693 1781 ἄγων
727 1712 852 1780 ἥκει,
883 1712 964 1764 καὶ
999 1711 1177 1766 πολλὰ
1211 1711 1368 1782 κάρτα
1401 1709 1654 1781 χρήματα,

73 1788 179 1841 ὑπὸ
230 1788 424 1856 ἀνέμων
462 1791 515 1844 ἐς
564 1792 661 1860 γῆν
699 1789 885 1857 ταύτην
922 1789 1255 1860 ἀπενειχθείς.
1313 1792 1493 1860 κότερα
1533 1791 1656 1858 δῆτα

70 1869 263 1920 τοῦτον
302 1866 459 1935 ἐῶμεν
496 1867 677 1921 ἀσινέα
716 1869 961 1930 ἐκπλέειν,
999 1866 1030 1937 η
1071 1867 1383 1938 ἀφελώμεθα
1421 1868 1485 1921 τὰ
1523 1891 1658 1938 εχων

72 1942 287 2011 ἧλθε·”
224 1985 239 2006 ,
340 1944 663 2014 Ἀντιπέμπει
700 1949 829 2020 πρὸς
868 1951 1026 2001 ταῦτα
1065 1950 1094 2000 ὁ
1146 1946 1386 2017 Πρωτεὺς
1437 1947 1653 2020 λέγοντα
1681 1961 1706 2002 8

73 2023 218 2076 τάδε·
264 2027 299 2050 ‘⁸
286 2021 509 2096 “”Ανδρα
544 2027 744 2086 τοῦτον,
786 2025 931 2080 ὅστις
971 2025 1090 2078 κοτέ
1127 2046 1242 2078 εστι
1281 2025 1464 2079 ανόσια
1502 2027 1652 2097 ε’ργα-

72 2101 268 2169 σμένος
302 2102 467 2169 ξεῖνον
499 2104 589 2156 τὸν
622 2104 828 2164 ἑωυτοῦ,
868 2105 1241 2167 συλλαβόντες,
1279 2104 1500 2174 ἀπάγετε
1533 2103 1653 2173 παρ’

74 2177 239 2248 ε’μέ,”
214 2201 295 2234 ινα
320 2181 437 2234 εἰδῶ
464 2181 495 2234 ὅ
520 2202 569 2233 τι
605 2181 719 2234 κοτὲ
755 2183 836 2234 καὶ
870 2178 1073 2248 λέξει.”
1311 2177 1562 2234 Ἀκούσας
1598 2182 1654 2234 δὲ
1691 2179 1799 2232 115

71 2260 233 2308 ταῦτα
269 2259 298 2309 ὁ
335 2261 499 2310 Θῶνις
534 2257 889 2322 συλλαμβάνει
922 2257 1015 2308 τὸν
1046 2254 1404 2321 Ἀλέξανδρον,
1434 2257 1516 2308 καὶ
1549 2257 1640 2310 τὰς

70 2329 191 2386 νέας
215 2332 371 2384 αὑτοῦ
398 2333 649 2402 κατίσχει·
692 2335 821 2402 μετὰ
856 2335 930 2396 δὲ,
958 2333 1113 2386 αὐτόν
1147 2355 1204 2386 τε
1229 2335 1410 2385 τοῦτον
1435 2331 1654 2406 ἀνήγαγε

72 2410 126 2466 ἐς
156 2410 385 2479 Μέμφιν,
409 2413 491 2464 καὶ
516 2413 608 2478 τὴν
631 2411 840 2479 Ἑλένην
858 2434 915 2465 τε
936 2412 1018 2464 καὶ
1043 2412 1107 2463 τὰ
1125 2409 1376 2481 χρήματα·
1421 2413 1550 2478 πρὸς
1577 2412 1651 2471 δὲ,

74 2492 157 2542 καὶ
184 2489 303 2544 τοὺς
330 2491 511 2544 ἱκέτας.
555 2491 994 2558 ἀνακομισθέντων
1029 2490 1084 2542 δὲ
1111 2491 1328 2548 πάντων,
1359 2487 1538 2555 είρώτα
1565 2492 1654 2542 τὸν
1685 2503 1711 2543 2

71 2565 417 2637 Ἀλέξανδρον
442 2571 472 2620 ὁ
500 2567 757 2638 Πρωτεὺς,
785 2568 862 2622 τίς
888 2566 981 2634 εἴη,
1014 2569 1094 2621 καὶ
1121 2567 1300 2622 ὁκόθεν
1325 2567 1494 2622 πλέοι.
1537 2571 1568 2620 ὖ
1595 2569 1656 2623 δέ

136 2651 236 2682 τοι.
256 2649 286 2681 ι.
843 2659 887 2697 N
