1975 2892
254 73 374 130 320
845 77 1257 126 ΗΡοΔοΤοΥ

1548 138 1745 186 [A.c.‹·„
1766 137 1849 178 517.

255 218 310 249 τε
344 193 472 263 ἦμος
506 196 567 261 τῇ
604 192 739 258 ἄλλῃ
778 191 1023 262 γίνονται,
1062 193 1330 257 τηνικαῦτα
1366 189 1461 257 μὲν
1496 193 1559 241 οὐ
1596 193 1850 259 γίνονται,

258 274 429 343 θέρεος
455 273 511 326 δὲ
538 270 886 340 ἀμφιλαφέες·
929 267 992 336 ἢν
1028 269 1083 320 δὲ
1118 273 1365 336 χειμῶνος
1396 267 1593 337 βροντὴ
1624 268 1851 337 γένηται,

210 371 238 412 ο
259 353 324 406 ὣς
349 351 497 420 τέρας
517 352 808 415 νενόμισται
835 346 1209 414 θωυμάζεσθαι.
1250 347 1317 400 ὣς
1342 346 1399 399 δὲ
1426 346 1509 397 καὶ
1536 343 1601 412 ἢν
1632 347 1853 413 σεισμὸς

255 429 476 500 γένηται,
519 429 581 495 ἦν
618 448 676 478 τε
715 425 890 495 θέρεος
927 427 990 492 ἤν
1028 445 1087 476 τε
1123 429 1388 492 χειμῶνος,
1431 423 1487 474 ἐν
1524 426 1589 490 τῇ
1638 423 1853 488 Σκυθικῇ

212 524 237 567 7
258 508 406 578 τέρας
432 508 740 572 νενόμισται.
783 500 930 556 ἵπποι
957 502 1014 555 δὲ
1040 501 1335 570 ἀνεχόμενοι
1361 500 1592 571 φέρουσι
1622 503 1723 554 τὸν
1747 523 1851 570 χει-

257 590 400 653 μῶνα
423 587 622 641 τοῦτον,
651 580 847 649 ἡμίονοι
884 580 940 634 δὲ
976 580 1059 632 καὶ
1094 579 1201 631 ὄνοι
1228 579 1319 632 οὐκ
1352 579 1629 647 ἀνέχονται
1668 578 1848 649 ἀρχήν

259 667 320 730 τῇ
349 663 406 715 δὲ
433 661 569 728 ἄλλῃ
605 657 754 713 ἵπποι
785 658 878 726 μὲν
914 658 968 710 ἐν
998 661 1171 729 κρυμῷ
1206 659 1453 710 ἑστεῶτες
1476 656 1849 726 ἀποσφακελί-

163 745 242 799 29
263 741 428 805 ζουσι,
466 739 573 791 ὄνοι
616 739 672 790 δὲ
715 738 796 789 καὶ
837 735 1036 803 ἡμίονοι
1074 734 1360 803 ἀνέχονται.
1574 737 1765 788 Δοκέει
1800 732 1853 787 δέ

259 837 347 886 μοι
375 817 456 868 καὶ
482 817 541 868 τὸ
566 815 713 885 γένος
739 820 840 867 τῶν
873 816 1017 878 βοῶν
1039 814 1099 866 τὸ
1127 815 1283 866 κόλον
1310 812 1391 866 διὰ
1418 815 1579 865 ταῦτα
1606 813 1676 866 οὔ
1704 811 1854 882 φύειν

217 916 242 956 2
261 895 406 964 κέρεα
431 893 626 946 αὐτόθι.
669 891 939 962 μαρτυρέει
965 891 1024 944 δέ
1056 912 1144 959 μοι
1169 895 1232 958 τῇ
1268 892 1441 963 γνώμῃ
1466 888 1709 961 Ὀμήρου
1735 892 1854 945 ἔπος

261 971 316 1024 έν
338 970 640 1038 Ὀδυσσείῃ,
669 972 792 1039 ἕχον
817 969 934 1022 ὧδε·

395 1052 485 1098 Καὶ
506 1053 702 1110 Λιβύην,
729 1051 800 1099 ὅθι
821 1052 864 1096 τ’
891 1051 1025 1112 ἄρνες
1048 1049 1173 1112 ἄφαρ
1195 1050 1352 1109 κεραοὶ
1372 1051 1647 1096 τελέθουσι.

262 1123 425 1195 ὀρθῶς
461 1124 737 1195 εἰρημένον,
768 1124 822 1176 ἐν
855 1125 997 1176 τοῖσι
1032 1124 1269 1193 θερμοῖσι
1304 1123 1436 1192 ταχὺ
1469 1123 1855 1194 παραγίνεσθαι

220 1227 244 1268 3
263 1204 326 1256 τὰ
353 1201 516 1272 κέρεα.
553 1202 607 1254 ἐν
626 1202 682 1256 δὲ
709 1204 848 1254 τοῖσι
875 1200 1144 1271 ἰσχυροῖσι
1169 1200 1376 1271 ψῦχεσι
1402 1199 1433 1268 ἢ
1460 1201 1521 1254 οὗ
1548 1200 1679 1270 φύει
1706 1202 1855 1274 κέρεα

264 1282 328 1334 τὰ
368 1277 544 1347 κτήνεα
585 1278 763 1349 ἀρχὴν,
801 1277 832 1346 ἢ
873 1278 1075 1348 φύοντα
1112 1277 1235 1348 φῦει
1274 1281 1441 1352 μόγις.
1498 1279 1723 1332 ἐνθαῦτα
1760 1282 1855 1348 μέν

171 1371 247 1424 30
266 1380 354 1413 νυν
393 1359 478 1411 διὰ
516 1358 578 1411 τὰ
615 1355 795 1427 ψῦχεα
846 1358 1039 1428 γίνεται
1079 1361 1254 1410 ταῦτα.
1464 1359 1733 1424 Θωυμάζω
1776 1359 1851 1419 δὲ,
1939 1363 1941 1370 ’

269 1433 591 1508 (προσθήκας
622 1436 722 1505 γὰρ
759 1432 820 1502 δή
845 1455 933 1503 μοι
959 1438 988 1488 ὁ
1024 1437 1183 1506 λόγος
1210 1435 1269 1502 ἐξ
1302 1434 1466 1505 ἀρχῆς
1490 1432 1747 1506 ἐδίζητο,)
1776 1437 1857 1488 ὅτι

267 1515 320 1567 έν
346 1519 408 1582 τῇ
432 1512 616 1580 Ἠλείῃ
651 1514 794 1580 πάσῃ
831 1515 974 1582 χώρῃ
1004 1513 1063 1564 οὗ
1101 1512 1330 1566 δυνέαται
1365 1513 1601 1583 γίνεσθαι
1627 1513 1855 1581 ἡμίονοι,

269 1595 384 1644 οὔτε
421 1592 636 1663 ψυχροῦ
674 1593 768 1643 τοῦ
806 1591 980 1659 χώρου
1022 1591 1209 1651 ἐόντος,
1252 1594 1371 1644 οὔτε
1410 1590 1579 1643 ἄλλου
1618 1592 1861 1663 φανεροῦ

225 1691 251 1732 2
271 1669 432 1722 αἰτίου
467 1670 686 1725 οὐδενός.
731 1669 869 1738 φασὶ
905 1669 960 1721 δὲ
996 1667 1139 1720 αὐτοὶ
1178 1665 1381 1721 Ἠλεῖοι
1416 1668 1472 1721 ἐκ
1508 1670 1734 1738 κατάρης
1768 1693 1863 1724 τευ

269 1747 328 1798 οὗ
366 1746 604 1817 γίνεσθαί
643 1747 748 1816 σφι
787 1745 1036 1814 ἡμιόνους
1086 1745 1205 1798 ἀλλ’
1244 1747 1398 1800 ἐπεὰν
1434 1746 1630 1817 προσίῃ
1672 1747 1707 1814 ἡ
1750 1750 1862 1819 ὥρη

271 1818 570 1877 κυΐσκεσθαι
617 1825 707 1879 τὰς
747 1845 948 1884 ιππους,
992 1821 1329 1890 ἐξελαύνουσι
1370 1825 1422 1880 ε’ς
1461 1824 1581 1880 τοὺς
1618 1827 1859 1893 πλησιο-

271 1903 468 1969 χώρους
494 1903 667 1956 αὐτάς·
711 1903 856 1954 καὶ“ν
826 1903 999 1956 επειτά
1026 1902 1131 1970 σφι
1168 1904 1223 1955 ἐν
1246 1907 1311 1970 τῇ
1344 1907 1446 1956 τῶν
1470 1901 1692 1957 πέλας’
1661 1908 1861 1958 επιεῖσι

270 1978 387 2032 τοὺς
415 1977 577 2041 ὅνους,
607 2002 658 2036 ες
685 1979 745 2033 οὗ
780 1979 842 2032 ἂν
877 1985 1051 2049 σχῶσι
1076 1977 1189 2032 αἶ”’
1166 2001 1313 2034 ιπποι
1340 1981 1395 2034 ἐν
1422 1981 1635 2051 γαστρί·
1678 1983 1861 2036 ἔπειτα

178 2059 248 2114 31
273 2058 326 2111 δὲ
353 2057 523 2110 ὀπίσω
550 2056 915 2111 ἀπελαύνουσι.
1124 2058 1255 2129 Περὶ
1290 2058 1348 2112 δὲ
1372 2064 1475 2112 τῶν
1504 2065 1726 2130 πτερῶν,
1755 2066 1863 2115 τῶν

273 2134 454 2189 Σκύθαι
493 2135 710 2206 λέγουσι
750 2135 1016 2189 ἀνάπλεων
1056 2131 1181 2188 εἶναι
1220 2137 1312 2189 τὸν
1348 2134 1491 2206 ἧέρα,
1534 2140 1618 2191 καὶ
1657 2137 1863 2192 τούτων

273 2211 432 2266 εἵνεκα
459 2213 549 2265 οὐκ
576 2209 658 2266 οἷά
683 2235 739 2266 τε
765 2209 888 2267 εἶναι
916 2216 1034 2267 οὔτε
1060 2213 1185 2267 ἰδεῖν
1208 2215 1268 2267 τὸ
1295 2218 1479 2284 πρόσω
1506 2217 1597 2284 τῆς
1620 2213 1857 2289 ἠπείρου,

228 2303 254 2344 2
273 2295 388 2344 οὔτε
431 2291 682 2358 διεξιέναι,
720 2289 869 2358 τήνδε
904 2293 1008 2360 ἔχω
1043 2292 1162 2361 περὶ
1196 2293 1364 2345 αὐτῶν
1398 2293 1491 2360 τὴν
1522 2296 1753 2364 γνώμην.
1794 2300 1863 2350 τὰ

273 2367 552 2436 κατύπερθε
582 2367 764 2435 ταύτης
790 2371 879 2436 τῆς
912 2369 1084 2439 χώρης
1119 2370 1217 2423 alet
1252 2370 1475 2440 νίφεται,
1506 2373 1769 2426 ἐλάσσονι
1803 2377 1865 2428 δε

229 2447 254 2486 8
273 2445 363 2489 τοῦ
403 2442 576 2510 θέρεος
613 2443 644 2512 ἢ
684 2449 776 2498 τοῦ
814 2453 1079 2515 χειμῶνος,
1112 2449 1291 2518 ὥσπερ
1332 2450 1414 2502 καὶ
1453 2450 1609 2506 οἶκός.
1652 2453 1755 2521 ηδη
1790 2453 1869 2506 ὧν

271 2508 418 2568 ὅστις
454 2516 678 2584 ἀγχόθεν
726 2525 874 2590 χιόνα
919 2525 1080 2596 ἁδρὴν
1122 2525 1421 2583 πίπτουσαν
1464 2524 1569 2583 ει
1568 2569 1587 2592 ,
1634 2525 1749 2586 offic
1799 2534 1870 2586 τὸ
1943 2529 1944 2540 ’
