<?xml version="1.0" encoding="UTF-8"?>
<!DOCTYPE html PUBLIC "-//W3C//DTD XHTML 1.0 Transitional//EN"
    "http://www.w3.org/TR/xhtml1/DTD/xhtml1-transitional.dtd">
<html xmlns="http://www.w3.org/1999/xhtml" xml:lang="en" lang="en">
 <head>
  <title>
</title>
<meta http-equiv="Content-Type" content="text/html;charset=utf-8" />
  <meta name='ocr-system' content='tesseract 3.04.00' />
  <meta name='ocr-capabilities' content='ocr_page ocr_carea ocr_par ocr_line ocrx_word'/>
</head>
<body>
  <div class='ocr_page' id='page_1' title='image "./herodotihistori00westgoog_0161.png"; bbox 0 0 1975 2892; ppageno 0'>
   <div class='ocr_carea' id='block_1_1' title="bbox 114 92 1717 209">
    <p class='ocr_par' dir='ltr' id='par_1_1' title="bbox 114 92 1717 209">
     <span class='ocr_line' id='line_1_1' title="bbox 600 92 1717 158; baseline 0.004 -14"><span class='ocrx_word' id='word_1_1' title='bbox 600 99 983 146; x_wconf 81' lang='grc' dir='ltr'><strong>ΚΛΕΙΩ.-Ι.</strong></span> <span class='ocrx_word' id='word_1_2' title='bbox 1019 92 1253 158; x_wconf 81' lang='lat'>214-216.</span> <span class='ocrx_word' id='word_1_3' title='bbox 1606 94 1717 148; x_wconf 87' lang='lat'>119</span> 
     </span>
     <span class='ocr_line' id='line_1_2' title="bbox 114 162 355 209; baseline -0.004 -8"><span class='ocrx_word' id='word_1_4' title='bbox 114 164 189 203; x_wconf 86' lang='lat'>01.</span> <span class='ocrx_word' id='word_1_5' title='bbox 211 162 273 203; x_wconf 80' lang='lat'>62.</span> <span class='ocrx_word' id='word_1_6' title='bbox 296 162 355 209; x_wconf 81' lang='lat'>4.]</span> 
     </span>
    </p>
   </div>
   <div class='ocr_carea' id='block_1_2' title="bbox 114 222 1758 1313">
    <p class='ocr_par' dir='ltr' id='par_1_2' title="bbox 114 222 1758 1313">
     <span class='ocr_line' id='line_1_3' title="bbox 120 222 1716 297; baseline 0.004 -22"><span class='ocrx_word' id='word_1_7' title='bbox 120 224 497 293; x_wconf 80' lang='grc' dir='ltr'>Μασσαγέται·</span> <span class='ocrx_word' id='word_1_8' title='bbox 538 224 629 290; x_wconf 86' lang='grc' dir='ltr'>τῆς</span> <span class='ocrx_word' id='word_1_9' title='bbox 652 224 753 294; x_wconf 82' lang='grc' dir='ltr'>γὰρ</span> <span class='ocrx_word' id='word_1_10' title='bbox 781 222 1085 293; x_wconf 80' lang='grc' dir='ltr'>ἐπιθυμήσει</span> <span class='ocrx_word' id='word_1_11' title='bbox 1111 224 1344 292; x_wconf 83' lang='grc' dir='ltr'>γυναικὸς</span> <span class='ocrx_word' id='word_1_12' title='bbox 1367 225 1716 297; x_wconf 71' lang='grc' dir='ltr'>Μασσαγέτης</span> 
     </span>
     <span class='ocr_line' id='line_1_4' title="bbox 118 300 1712 372; baseline 0.003 -19"><span class='ocrx_word' id='word_1_13' title='bbox 118 300 277 372; x_wconf 78' lang='grc' dir='ltr'>ἀνὴρ,</span> <span class='ocrx_word' id='word_1_14' title='bbox 322 304 411 354; x_wconf 84' lang='grc' dir='ltr'>τὸν</span> <span class='ocrx_word' id='word_1_15' title='bbox 448 302 778 371; x_wconf 76' lang='grc' dir='ltr'>φαρετρεῶνα</span> <span class='ocrx_word' id='word_1_16' title='bbox 817 302 1178 372; x_wconf 74' lang='grc' dir='ltr'>ἀποκρεμάσας</span> <span class='ocrx_word' id='word_1_17' title='bbox 1215 304 1317 372; x_wconf 85' lang='grc' dir='ltr'>πρὸ</span> <span class='ocrx_word' id='word_1_18' title='bbox 1363 304 1455 371; x_wconf 84' lang='grc' dir='ltr'>τῆς</span> <span class='ocrx_word' id='word_1_19' title='bbox 1499 304 1712 371; x_wconf 80' lang='grc' dir='ltr'>ἁμάξης,</span> 
     </span>
     <span class='ocr_line' id='line_1_5' title="bbox 118 376 1758 449; baseline 0.002 -18"><span class='ocrx_word' id='word_1_20' title='bbox 118 380 374 449; x_wconf 76' lang='grc' dir='ltr'>μίσγεται</span> <span class='ocrx_word' id='word_1_21' title='bbox 400 380 576 434; x_wconf 79' lang='grc' dir='ltr'>ἀδεῶς.</span> <span class='ocrx_word' id='word_1_22' title='bbox 630 376 792 448; x_wconf 77' lang='grc' dir='ltr'>Οὗρος</span> <span class='ocrx_word' id='word_1_23' title='bbox 820 380 874 432; x_wconf 76' lang='grc' dir='ltr'>δὲ</span> <span class='ocrx_word' id='word_1_24' title='bbox 903 379 1100 447; x_wconf 83' lang='grc' dir='ltr'>ἡλικίης</span> <span class='ocrx_word' id='word_1_25' title='bbox 1129 381 1232 449; x_wconf 88' lang='grc' dir='ltr'>σφι</span> <span class='ocrx_word' id='word_1_26' title='bbox 1258 381 1523 447; x_wconf 83' lang='grc' dir='ltr'>προκέεται</span> <span class='ocrx_word' id='word_1_27' title='bbox 1550 382 1714 436; x_wconf 74' lang='grc' dir='ltr'>ἄλλος</span> <span class='ocrx_word' id='word_1_28' title='bbox 1733 398 1758 439; x_wconf 76' lang='lat'><em>8</em></span> 
     </span>
     <span class='ocr_line' id='line_1_6' title="bbox 119 456 1711 529; baseline 0.001 -20"><span class='ocrx_word' id='word_1_29' title='bbox 119 458 222 524; x_wconf 81' lang='grc' dir='ltr'>μὲν</span> <span class='ocrx_word' id='word_1_30' title='bbox 258 457 443 513; x_wconf 81' lang='grc' dir='ltr'>οὐδείς’</span> <span class='ocrx_word' id='word_1_31' title='bbox 488 456 639 510; x_wconf 77' lang='grc' dir='ltr'>ἐπεὰν</span> <span class='ocrx_word' id='word_1_32' title='bbox 675 457 730 509; x_wconf 79' lang='grc' dir='ltr'>δὲ</span> <span class='ocrx_word' id='word_1_33' title='bbox 768 458 935 527; x_wconf 85' lang='grc' dir='ltr'>γέρων</span> <span class='ocrx_word' id='word_1_34' title='bbox 972 458 1178 527; x_wconf 86' lang='grc' dir='ltr'>γένηται</span> <span class='ocrx_word' id='word_1_35' title='bbox 1219 458 1394 527; x_wconf 82' lang='grc' dir='ltr'>κάρτα,</span> <span class='ocrx_word' id='word_1_36' title='bbox 1423 460 1472 510; x_wconf 82' lang='grc' dir='ltr'>οἱ</span> <span class='ocrx_word' id='word_1_37' title='bbox 1509 458 1711 529; x_wconf 80' lang='grc' dir='ltr'>προσῆ-</span> 
     </span>
     <span class='ocr_line' id='line_1_7' title="bbox 122 533 1714 602; baseline 0.001 -15"><span class='ocrx_word' id='word_1_38' title='bbox 122 536 305 589; x_wconf 89' lang='grc' dir='ltr'>κοντές</span> <span class='ocrx_word' id='word_1_39' title='bbox 350 537 400 588; x_wconf 78' lang='grc' dir='ltr'>οἱ</span> <span class='ocrx_word' id='word_1_40' title='bbox 446 537 629 591; x_wconf 83' lang='grc' dir='ltr'>πάντες</span> <span class='ocrx_word' id='word_1_41' title='bbox 677 534 1014 589; x_wconf 82' lang='grc' dir='ltr'>συνελθόντες</span> <span class='ocrx_word' id='word_1_42' title='bbox 1063 533 1250 587; x_wconf 80' lang='grc' dir='ltr'>θύουσί</span> <span class='ocrx_word' id='word_1_43' title='bbox 1293 556 1398 602; x_wconf 83' lang='grc' dir='ltr'>μιν,</span> <span class='ocrx_word' id='word_1_44' title='bbox 1448 537 1528 589; x_wconf 80' lang='grc' dir='ltr'>καὶ</span> <span class='ocrx_word' id='word_1_45' title='bbox 1574 537 1714 589; x_wconf 75' lang='grc' dir='ltr'>ἄλλα</span> 
     </span>
     <span class='ocr_line' id='line_1_8' title="bbox 120 612 1709 685; baseline -0.001 -18"><span class='ocrx_word' id='word_1_46' title='bbox 120 616 371 679; x_wconf 82' lang='grc' dir='ltr'>πρόβατα</span> <span class='ocrx_word' id='word_1_47' title='bbox 404 614 509 681; x_wconf 82' lang='grc' dir='ltr'>ἅμα</span> <span class='ocrx_word' id='word_1_48' title='bbox 542 613 695 685; x_wconf 74' lang='grc' dir='ltr'>αὐτῷ·</span> <span class='ocrx_word' id='word_1_49' title='bbox 740 612 1035 681; x_wconf 78' lang='grc' dir='ltr'>ἐψῆσαντες</span> <span class='ocrx_word' id='word_1_50' title='bbox 1071 613 1127 666; x_wconf 76' lang='grc' dir='ltr'>δὲ</span> <span class='ocrx_word' id='word_1_51' title='bbox 1163 613 1228 665; x_wconf 82' lang='grc' dir='ltr'>τὰ</span> <span class='ocrx_word' id='word_1_52' title='bbox 1261 614 1400 682; x_wconf 83' lang='grc' dir='ltr'>κρέα,</span> <span class='ocrx_word' id='word_1_53' title='bbox 1432 614 1709 683; x_wconf 78' lang='grc' dir='ltr'>κατευωχέ-</span> 
     </span>
     <span class='ocr_line' id='line_1_9' title="bbox 120 691 1756 761; baseline 0.002 -18"><span class='ocrx_word' id='word_1_54' title='bbox 120 712 291 744; x_wconf 86' lang='grc' dir='ltr'>ονται.</span> <span class='ocrx_word' id='word_1_55' title='bbox 341 695 499 744; x_wconf 86' lang='grc' dir='ltr'>ταῦτα</span> <span class='ocrx_word' id='word_1_56' title='bbox 523 692 617 759; x_wconf 75' lang='grc' dir='ltr'>μὲν</span> <span class='ocrx_word' id='word_1_57' title='bbox 643 692 706 743; x_wconf 86' lang='grc' dir='ltr'>τὰ</span> <span class='ocrx_word' id='word_1_58' title='bbox 732 691 1025 755; x_wconf 82' lang='grc' dir='ltr'>ὀλβιώτατά</span> <span class='ocrx_word' id='word_1_59' title='bbox 1053 692 1156 761; x_wconf 88' lang='grc' dir='ltr'>σφι</span> <span class='ocrx_word' id='word_1_60' title='bbox 1185 693 1492 759; x_wconf 84' lang='grc' dir='ltr'>νενόμισται.</span> <span class='ocrx_word' id='word_1_61' title='bbox 1541 694 1630 744; x_wconf 88' lang='grc' dir='ltr'>τὸν</span> <span class='ocrx_word' id='word_1_62' title='bbox 1657 692 1711 744; x_wconf 76' lang='grc' dir='ltr'>δὲ</span> <span class='ocrx_word' id='word_1_63' title='bbox 1729 707 1756 748; x_wconf 70' lang='grc'><strong>4</strong></span> 
     </span>
     <span class='ocr_line' id='line_1_10' title="bbox 120 767 1709 842; baseline 0 -20"><span class='ocrx_word' id='word_1_64' title='bbox 120 768 303 842; x_wconf 76' lang='grc' dir='ltr'>νούσῳ</span> <span class='ocrx_word' id='word_1_65' title='bbox 343 768 721 836; x_wconf 78' lang='grc' dir='ltr'>τελευτήσαντα</span> <span class='ocrx_word' id='word_1_66' title='bbox 760 769 820 820; x_wconf 79' lang='grc' dir='ltr'>οὗ</span> <span class='ocrx_word' id='word_1_67' title='bbox 861 770 1260 828; x_wconf 85' lang='grc' dir='ltr'>κατασιτέονται,</span> <span class='ocrx_word' id='word_1_68' title='bbox 1302 769 1441 822; x_wconf 74' lang='grc' dir='ltr'>ἀλλὰ</span> <span class='ocrx_word' id='word_1_69' title='bbox 1481 774 1552 839; x_wconf 79' lang='grc' dir='ltr'>γῇ</span> <span class='ocrx_word' id='word_1_70' title='bbox 1590 767 1709 840; x_wconf 74' lang='grc' dir='ltr'>κρύ-</span> 
     </span>
     <span class='ocr_line' id='line_1_11' title="bbox 116 843 1708 917; baseline -0.001 -15"><span class='ocrx_word' id='word_1_71' title='bbox 116 869 339 908; x_wconf 80' lang='grc' dir='ltr'>πτουσι,</span> <span class='ocrx_word' id='word_1_72' title='bbox 370 847 649 917; x_wconf 86' lang='grc' dir='ltr'>συμφορὴν</span> <span class='ocrx_word' id='word_1_73' title='bbox 674 844 977 912; x_wconf 76' lang='grc' dir='ltr'>ποιεύμενοι,</span> <span class='ocrx_word' id='word_1_74' title='bbox 1003 846 1081 899; x_wconf 82' lang='grc' dir='ltr'>ὅτι</span> <span class='ocrx_word' id='word_1_75' title='bbox 1109 848 1200 899; x_wconf 79' lang='grc' dir='ltr'>οὐκ</span> <span class='ocrx_word' id='word_1_76' title='bbox 1225 843 1362 900; x_wconf 78' lang='grc' dir='ltr'>ἵκετο</span> <span class='ocrx_word' id='word_1_77' title='bbox 1391 848 1443 903; x_wconf 85' lang='grc' dir='ltr'>ἐς</span> <span class='ocrx_word' id='word_1_78' title='bbox 1467 849 1527 901; x_wconf 84' lang='grc' dir='ltr'>τὸ</span> <span class='ocrx_word' id='word_1_79' title='bbox 1554 848 1708 916; x_wconf 81' lang='grc' dir='ltr'>τυθῆ-</span> 
     </span>
     <span class='ocr_line' id='line_1_12' title="bbox 116 924 1752 994; baseline 0.001 -15"><span class='ocrx_word' id='word_1_80' title='bbox 116 948 225 979; x_wconf 88' lang='grc' dir='ltr'>ναι.</span> <span class='ocrx_word' id='word_1_81' title='bbox 315 926 592 994; x_wconf 81' lang='grc' dir='ltr'>Σπείρουσι</span> <span class='ocrx_word' id='word_1_82' title='bbox 638 925 694 977; x_wconf 72' lang='grc' dir='ltr'>δὲ</span> <span class='ocrx_word' id='word_1_83' title='bbox 741 925 904 986; x_wconf 77' lang='grc' dir='ltr'>οὐδὲν,</span> <span class='ocrx_word' id='word_1_84' title='bbox 950 924 1070 978; x_wconf 83' lang='grc' dir='ltr'>ἀλλ’</span> <span class='ocrx_word' id='word_1_85' title='bbox 1115 926 1215 978; x_wconf 80' lang='grc' dir='ltr'>ἀπὸ</span> <span class='ocrx_word' id='word_1_86' title='bbox 1259 925 1474 992; x_wconf 82' lang='grc' dir='ltr'>κτηνέων</span> <span class='ocrx_word' id='word_1_87' title='bbox 1522 927 1708 991; x_wconf 74' lang='grc' dir='ltr'>ζώουσι</span> <span class='ocrx_word' id='word_1_88' title='bbox 1726 946 1752 987; x_wconf 70' lang='lat'><strong><em>5</em></strong></span> 
     </span>
     <span class='ocr_line' id='line_1_13' title="bbox 117 1002 1705 1103; baseline 0.001 -46"><span class='ocrx_word' id='word_1_89' title='bbox 117 1006 209 1057; x_wconf 80' lang='grc' dir='ltr'>καὶ</span> <span class='ocrx_word' id='word_1_90' title='bbox 236 1003 449 1073; x_wconf 71' lang='grc' dir='ltr'>ἰχθύων·</span> <span class='ocrx_word' id='word_1_91' title='bbox 496 1005 544 1056; x_wconf 78' lang='grc' dir='ltr'>οἱ</span> <span class='ocrx_word' id='word_1_92' title='bbox 572 1003 645 1063; x_wconf 75' lang='grc' dir='ltr'>δὲ,</span> <span class='ocrx_word' id='word_1_93' title='bbox 676 1002 899 1072; x_wconf 73' lang='grc' dir='ltr'>ἄφθονοί</span> <span class='ocrx_word' id='word_1_94' title='bbox 934 1004 1040 1072; x_wconf 86' lang='grc' dir='ltr'>σφι</span> <span class='ocrx_word' id='word_1_95' title='bbox 1076 1004 1131 1056; x_wconf 90' lang='grc' dir='ltr'>ε’κ</span> <span class='ocrx_word' id='word_1_96' title='bbox 1167 1006 1258 1055; x_wconf 86' lang='grc' dir='ltr'>τοῦ</span> <span class='ocrx_word' id='word_1_97' title='bbox 1285 1002 1512 1103; x_wconf 81' lang='grc' dir='ltr'>Ἀράξεω</span> <span class='ocrx_word' id='word_1_98' title='bbox 1545 1026 1705 1058; x_wconf 83' lang='grc' dir='ltr'>ποτα-</span> 
     </span>
     <span class='ocr_line' id='line_1_14' title="bbox 114 1080 1749 1153; baseline 0 -17"><span class='ocrx_word' id='word_1_99' title='bbox 114 1087 226 1151; x_wconf 81' lang='grc' dir='ltr'>μοῦ</span> <span class='ocrx_word' id='word_1_100' title='bbox 272 1081 653 1153; x_wconf 76' lang='grc' dir='ltr'>παραγίνονται·</span> <span class='ocrx_word' id='word_1_101' title='bbox 716 1084 1098 1152; x_wconf 85' lang='grc' dir='ltr'>γαλακτοπόται</span> <span class='ocrx_word' id='word_1_102' title='bbox 1151 1081 1208 1135; x_wconf 84' lang='grc' dir='ltr'>δε</span> <span class='ocrx_word' id='word_1_103' title='bbox 1255 1080 1377 1135; x_wconf 76' lang='grc' dir='ltr'>εἶσί.</span> <span class='ocrx_word' id='word_1_104' title='bbox 1463 1087 1604 1135; x_wconf 82' lang='grc' dir='ltr'>Θεῶν</span> <span class='ocrx_word' id='word_1_105' title='bbox 1650 1083 1707 1136; x_wconf 78' lang='grc' dir='ltr'>δε</span> <span class='ocrx_word' id='word_1_106' title='bbox 1725 1100 1749 1141; x_wconf 78' lang='grc' dir='ltr'>ο</span> 
     </span>
     <span class='ocr_line' id='line_1_15' title="bbox 116 1156 1708 1232; baseline 0.001 -18"><span class='ocrx_word' id='word_1_107' title='bbox 116 1165 318 1230; x_wconf 83' lang='grc' dir='ltr'>μοῦνον</span> <span class='ocrx_word' id='word_1_108' title='bbox 355 1160 509 1228; x_wconf 80' lang='grc' dir='ltr'>ἥλιον</span> <span class='ocrx_word' id='word_1_109' title='bbox 550 1158 812 1223; x_wconf 84' lang='grc' dir='ltr'>σέβονται,</span> <span class='ocrx_word' id='word_1_110' title='bbox 852 1161 926 1232; x_wconf 68' lang='grc' dir='ltr'>τῷ</span> <span class='ocrx_word' id='word_1_111' title='bbox 972 1156 1226 1213; x_wconf 71' lang='grc' dir='ltr'>θύουσι”’</span> <span class='ocrx_word' id='word_1_112' title='bbox 1203 1180 1403 1215; x_wconf 86' lang='grc' dir='ltr'>ιππους.</span> <span class='ocrx_word' id='word_1_113' title='bbox 1458 1161 1611 1229; x_wconf 86' lang='grc' dir='ltr'>νόμος</span> <span class='ocrx_word' id='word_1_114' title='bbox 1651 1160 1708 1215; x_wconf 76' lang='grc' dir='ltr'>δὲ</span> 
     </span>
     <span class='ocr_line' id='line_1_16' title="bbox 120 1236 1707 1313; baseline 0.001 -21"><span class='ocrx_word' id='word_1_115' title='bbox 120 1238 279 1293; x_wconf 80' lang='grc' dir='ltr'>οὗτος</span> <span class='ocrx_word' id='word_1_116' title='bbox 313 1240 405 1306; x_wconf 85' lang='grc' dir='ltr'>τῆς</span> <span class='ocrx_word' id='word_1_117' title='bbox 438 1237 639 1305; x_wconf 78' lang='grc' dir='ltr'>θυσίης·</span> <span class='ocrx_word' id='word_1_118' title='bbox 681 1242 783 1290; x_wconf 79' lang='grc' dir='ltr'>τῶν</span> <span class='ocrx_word' id='word_1_119' title='bbox 823 1236 953 1291; x_wconf 80' lang='grc' dir='ltr'>θεῶν</span> <span class='ocrx_word' id='word_1_120' title='bbox 990 1239 1063 1313; x_wconf 67' lang='grc' dir='ltr'>τᾷ</span> <span class='ocrx_word' id='word_1_121' title='bbox 1101 1238 1334 1312; x_wconf 71' lang='grc' dir='ltr'>ταχίστῳ</span> <span class='ocrx_word' id='word_1_122' title='bbox 1379 1239 1580 1293; x_wconf 83' lang='grc' dir='ltr'>πάντων</span> <span class='ocrx_word' id='word_1_123' title='bbox 1605 1242 1707 1293; x_wconf 80' lang='grc' dir='ltr'>τῶν</span> 
     </span>
    </p>
   </div>
   <div class='ocr_carea' id='block_1_3' title="bbox 120 1316 985 1386">
    <p class='ocr_par' dir='ltr' id='par_1_3' title="bbox 120 1316 985 1386">
     <span class='ocr_line' id='line_1_17' title="bbox 120 1316 985 1386; baseline -0.001 -15"><span class='ocrx_word' id='word_1_124' title='bbox 120 1317 325 1386; x_wconf 80' lang='grc' dir='ltr'>θνητῶν</span> <span class='ocrx_word' id='word_1_125' title='bbox 349 1319 411 1371; x_wconf 82' lang='grc' dir='ltr'>τὸ</span> <span class='ocrx_word' id='word_1_126' title='bbox 436 1318 686 1386; x_wconf 82' lang='grc' dir='ltr'>τάχιστον</span> <span class='ocrx_word' id='word_1_127' title='bbox 710 1316 985 1371; x_wconf 81' lang='grc' dir='ltr'>δατέονται.</span> 
     </span>
    </p>
   </div>
  </div>
 </body>
</html>
