1975 2892
524 80 1047 127 ΕΥΤΕΡΠΗ.-ιι.
1083 94 1316 146 155-159.
1595 79 1711 135 207

124 139 191 181 01.
213 141 353 193 41.1.]

112 198 372 265 ''Astur-ov,
427 200 517 268 τῆς
569 199 751 268 Συρίης
800 201 1028 268 μεγάλην
1079 204 1248 267 πόλιν,
1303 201 1718 273 προσκατήμενος

132 277 449 347 ἐπολιόρκεε,
488 278 540 332 ἐς
582 275 611 329 ὃ
655 277 839 343 ἐξεῖλε.
883 275 1009 345 αὕτη
1053 278 1108 331 δὲ
1151 278 1436 345 ἦ”Αζωτος
1477 283 1717 337 ἁπασέων
1735 296 1761 336 2

126 356 330 409 πολίων
369 356 453 408 ε’πὶ
504 358 756 408 πλεῖστον
793 357 981 426 χρόνον
1033 358 1430 427 πολιορκευμένη
1472 359 1710 429 ἀντέσχε,

126 439 235 486 τῶν
273 433 414 501 ἡμεῖς
465 430 625 501 ἴδμεν.
882 433 1210 529 Ψαμμιτίχου
1261 437 1318 488 δὲ
1372 437 1545 492 Νεκῶς
1596 441 1715 493 παῖς
1746 439 1852 494 158

127 510 349 582 ἐγένετο,
379 513 462 564 καὶ
501 511 819 576 ἐβασίλευσε
853 510 1134 580 Αἷγύπτου·
1180 510 1237 567 ὃς
1267 515 1331 581 τῇ
1356 513 1623 585 διώρυχι’
1596 538 1711 569 επε-
1752 519 1847 600 213·

123 589 344 659 χείρησε
370 594 573 660 πρῶτος
598 593 659 658 τῇ
682 589 734 644 ἐς
759 589 851 657 τὴν
875 587 1127 660 Ἐρυθρὴν
1154 590 1429 644 θάλασσαν
1454 590 1712 662 φερούσῃ,

124 667 224 734 τὴν
249 670 460 737 Δαρεῖος
487 669 516 719 ὁ
544 668 751 737 Πέρσης
790 664 1001 737 δεύτερα
1036 668 1270 738 διώρυξε·
1313 671 1403 737 τῆς
1439 671 1598 737 μῆκος
1621 670 1715 738 μέν

126 746 247 798 ἐστι
286 748 451 800 πλόος
496 744 675 815 ἡμέραι
717 745 981 815 τέσσερες,
1032 744 1180 816 εὖρος
1224 747 1280 800 δὲ
1327 746 1533 818 ὠρύχθη
1577 749 1714 802 ὥστε

123 821 363 894 τριήρεας
390 821 481 875 δύο
507 823 684 876 πλέειν
720 826 847 891 ὁμοῦ
874 824 1300 894 ἐλαστρευμένας.
1343 823 1488 892 ἦκται
1529 827 1584 880 δέ
1612 827 1712 880 ἀπὸ
1735 839 1760 880 2

122 906 222 955 τοῦ
250 902 443 954 Νείλου
469 902 528 954 τὸ
555 898 691 972 ὕδωρ
719 902 771 957 ές
805 900 977 970 αὐτήν·
1023 899 1167 968 ἦκται
1206 903 1263 956 δὲ
1291 902 1569 975 κατύπερθε
1597 905 1709 958 ὀλί-

120 1002 226 1052 γον
264 980 587 1043 Βουβάστιος
624 982 823 1040 πόλιος,
865 981 1003 1050 παρὰ
1042 982 1314 1049 Πάτουμον
1348 983 1438 1049 τὴν
1463 981 1709 1052 Ἀραβίην

120 1061 300 1112 πόλιν·
346 1057 521 1126 ἐσέχει
562 1057 617 1110 δὲ
658 1058 710 1112 ε’ς
745 1057 837 1124 τὴν
869 1057 1122 1128 Ἐρυθρὴν
1157 1058 1448 1113 θάλασσαν.
1495 1059 1710 1130 ὤρυκται
1731 1071 1756 1112 ⁸

123 1137 186 1189 δὲ
212 1141 417 1206 πρῶτον
434 1136 529 1204 μὲν
563 1139 655 1189 τοῦ
680 1136 859 1190 πεδίου
886 1139 977 1188 τοῦ
1006 1136 1286 1208 Αἰγυπτίου
1313 1139 1377 1190 τὰ
1401 1140 1531 1208 πρὸς
1555 1138 1706 1209 Ἀρα-

120 1214 251 1280 βίην
275 1215 476 1283 ἕχοντα·
521 1215 691 1283 ἔχεται
727 1214 784 1267 δὲ
823 1213 1105 1284 κατύπερθε
1139 1219 1231 1268 τοῦ
1269 1216 1448 1270 πεδίου
1486 1218 1545 1270 τὸ
1585 1217 1711 1270 κατὰ

128 1292 348 1360 Μέμφιν
374 1294 537 1346 τεῖνον
564 1291 700 1362 ὅρος,
732 1292 785 1345 ἐν
812 1298 883 1364 τῷ
909 1295 961 1346 αἱ
986 1293 1278 1361 λιθοτομίαι
1303 1295 1478 1347 ἔνεισι.
1522 1297 1614 1347 τοῦ
1643 1294 1710 1347 ὦν
1731 1305 1758 1347 4

124 1370 191 1438 δὴ
222 1373 400 1441 οὔρεος
424 1367 609 1423 τούτου
635 1370 771 1441 παρὰ
804 1371 896 1438 τὴν
922 1370 1155 1440 ὖπωρέην
1179 1369 1324 1436 ἦκται
1351 1371 1380 1438 ἡ
1409 1372 1596 1441 διώρυξ
1623 1371 1708 1425 ἀπ’

122 1446 354 1517 ἑσπέρης
390 1447 553 1518 μακρὴ
589 1450 718 1518 πρὸς
752 1448 843 1515 τὴν
865 1445 969 1543 fi‘ss'
1015 1449 1097 1500 καὶ
1129 1450 1302 1501 ἔπειτα
1335 1449 1484 1501 τείνει
1521 1450 1573 1504 ἐς
1600 1450 1707 1502 δια-

125 1527 361 1597 σφάγας,
392 1526 631 1597 φέρουσα
670 1526 769 1580 ἀπὸ
798 1529 889 1578 τοῦ
926 1529 1104 1595 οὔρεος
1142 1527 1272 1595 πρὸς
1305 1528 1629 1598 μεσαμβρίην
1654 1549 1710 1580 τε

123 1606 213 1658 καὶ
250 1607 395 1658 νότον
433 1604 634 1673 ἄνεμον,
674 1604 725 1658 ἐς
755 1604 845 1656 τὸν
884 1607 1080 1657 κόλπον
1118 1605 1207 1656 τὸν
1245 1601 1507 1674 Ἀράβιον.
1551 1608 1612 1673 τῇ
1655 1605 1709 1658 δὲ
1731 1622 1758 1665 5

123 1682 421 1751 ἐλάχιστόν
472 1683 587 1735 ἐστι
645 1683 728 1734 καὶ
781 1683 1189 1749 συντομώτατον,
1245 1681 1299 1734 ἐκ
1358 1683 1446 1748 τῆς
1495 1677 1710 1753 βορηίης

124 1760 404 1828 θαλάσσης
448 1760 729 1831 ὑπερβῆναι
775 1781 827 1814 ες
872 1759 963 1826 τὴν
1009 1761 1178 1826 νοτίην
1220 1760 1302 1812 καὶ
1339 1758 1590 1830 Ἐρυθρὴν
1619 1760 1710 1828 τὴν

123 1837 287 1906 αὐτὴν
325 1836 509 1906 ταύτην
544 1837 868 1906 καλεομένην,
897 1838 999 1891 ἀπὸ
1035 1841 1127 1891 τοῦ
1156 1838 1355 1892 Κασίου
1394 1840 1587 1908 οὔρεος,
1617 1843 1709 1893 τοῦ

125 1916 420 1984 οὐρίζοντος
465 1913 722 1982 Αιγυπτόν
765 1937 822 1968 τε
864 1937 945 1969 και
992 1917 1190 1986 Συρίην,
1233 1917 1333 1970 ἀπὸ
1376 1914 1559 1970 τούτου
1605 1917 1710 1971 εἶσὶ

120 1990 328 2048 στάδιοι
361 1989 524 2059 χίλιοι
556 1985 855 2059 [άπαρτὶ]’
830 2007 883 2043 ες
915 1988 1008 2042 τὸν
1041 1989 1285 2062 Ἀράβιον
1310 1991 1518 2046 κόλπον.
1561 1997 1712 2048 τοῦτο

121 2067 224 2137 μὲν
254 2067 313 2118 τὸ
347 2066 753 2133 συντομώτατον
798 2085 829 2130 η
869 2063 925 2116 δὲ
966 2064 1155 2133 διώρυξ
1195 2067 1382 2138 πολλῷ
1406 2067 1706 2138 μακροτέρη,
1733 2088 1759 2128 3

126 2147 245 2216 ὅσῳ
263 2143 619 2213 σκολιωτέρη’
594 2163 726 2202 εστι,
745 2140 836 2209 τὴν
856 2142 939 2195 ε’πὶ
958 2147 1106 2194 Νεκῶ
1125 2141 1422 2205 βασιλέος’
1396 2141 1710 2213 ορύσσοντες

123 2221 423 2294 Αἶγιηντίων
447 2220 716 2274 ἀπώλοντο
745 2220 967 2273 δυώδεκα
1002 2218 1258 2289 μυριάδες.
1299 2221 1472 2275 Νεκώς
1504 2220 1598 2288 μέν
1623 2241 1711 2273 νυν
1735 2239 1760 2282 τ

124 2299 323 2374 μεταξὺ
368 2297 614 2369 ὀρύσσων
655 2295 934 2358 ἐπαύσατο,
978 2291 1222 2365 μαντηΐου
1274 2296 1517 2364 ἐμποδίου
1562 2319 1707 2367 γενο-

124 2379 287 2451 μένου
324 2376 542 2436 τοιοῦδε,
609 2380 719 2448 ’τῷ
754 2376 1006 2446 βαρβάρῳ
1053 2374 1205 2427 αὐτὸν
1242 2371 1708 2445 προεργάζεσθαιῖ’

126 2455 429 2526 βαρβάρους
472 2454 527 2506 δε
573 2454 764 2509 πάντας
805 2454 854 2505 οἱ
890 2451 1158 2521 Αἰγύπτιοι
1205 2452 1448 2505 καλεουσι
1487 2451 1605 2507 τοὺς
1642 2452 1710 2521 μὴ
1731 2470 1756 2510 8

131 2533 299 2605 σφίσι
326 2533 726 2604 ὁμογλώσσους.
967 2531 1305 2598 Παυσάμενοι·
1331 2530 1387 2587 δὲ
1413 2532 1502 2600 τῆς
1528 2531 1707 2604 διώρυ-
1727 2525 1844 2581 159
