1975 2892
238 28 354 87 218
809 40 1211 85 ΗΡοΔοΤοΥ

1450 99 1518 146 [A.
1537 99 1582 136 0.
1603 101 1820 141 569—526.

106 153 214 210 181
368 151 697 220 Κυρηναίοισι
751 149 807 202 δὲ
855 146 1084 218 Ἀμασις
1134 154 1389 220 φιλότητά
1438 175 1494 205 τε
1549 156 1630 206 καὶ
1687 175 1824 220 συμ-

241 233 432 301 μαχίην
472 229 805 298 συνεθήκατο.
863 230 1130 284 ἐδικαίωσε
1172 232 1227 284 δὲ
1267 233 1350 284 καὶ
1387 233 1544 300 γῆμαι
1589 232 1829 290 αὐτόθεν,

240 308 328 364 εἶτ’
372 307 690 377 ἐπιθυμήσας
728 306 1033 375 Ἑλληνίδος
1078 311 1329 379 γυναικὸς,
1373 307 1474 361 εἴτε
1519 309 1601 362 καὶ
1649 309 1832 363 ἄλλως

195 390 525 458 πφιλότητος
578 386 872 458 Κυρηναίων
926 385 1107 439 εἵνεκα.
1169 387 1344 457 γαμέει
1399 384 1442 440 δ’
1490 385 1578 446 ὧν,
1627 389 1680 439 οἱ
1734 389 1832 455 μὲν

239 466 462 538 λέγουσι
508 467 725 530 Βάττεω,
776 467 824 518 οἱ
878 464 920 517 δ’
968 464 1283 535 Ἀρκεσίλεω
1331 465 1598 535 θυγατέρα,
1649 467 1702 518 οἷ
1749 467 1829 525 δὲ,

242 543 619 617 Κριτοβούλου,
649 544 828 613 ἀνδρὸς
853 547 955 596 τῶν
976 540 1156 606 ’ἀστῶν
1183 543 1408 610 δοκίμου·
1454 547 1514 611 τῇ
1543 546 1739 611 οὕνομα
1765 541 1830 610 ἦν

198 637 223 679 8
243 625 449 691 Λαδίκη.
504 624 567 690 τῇ
607 621 717 675 ἐπεί
755 643 810 673 τε
850 623 1182 691 συγκλίνοιτο
1223 619 1508 689 ὁ”Αμασις,
1536 621 1830 692 μίσγεσθαι

203 748 209 754 .
242 702 335 754 οῦκ
374 697 482 757 οἷός
521 723 577 754 τε
617 701 834 771 ἐγένετο·
883 704 1006 766 τῇσι
1043 700 1098 752 δὲ
1135 700 1332 766 ἄλλῃσι
1366 699 1566 770 γυναιξὶ
1605 701 1822 770 ἐχρᾶτο.

240 779 355 834 ἐπεί
388 801 446 834 τε
481 779 537 832 δὲ
570 780 775 832 πολλὸν
808 781 961 830 τοῦτο
999 778 1212 848 ἐγίνετο,
1241 773 1349 830 εἶπε
1385 781 1414 830 ὁ
1430 776 1660 846 ’Ἄμασις
1695 780 1829 848 πρὸς

163 854 173 864 ’
197 856 333 924 ίτὴν
373 857 592 923 Λαδίκην
630 854 817 923 ταύτην
856 858 1181 924 καλεομένην·
1242 852 1356 908 “Ὠ
1395 855 1561 926 γύναι,
1593 858 1722 909 κατά
1759 879 1827 926 με

242 934 561 1006 ἐφάρμαξας,
592 936 672 987 καὶ
709 936 823 987 ἔστι
858 956 939 986 τοι
975 935 1184 1003 οὐδεμία
1217 934 1417 1002 μηχανὴ
1457 934 1524 1002 μὴ
1565 935 1657 986 οὐκ
1693 935 1824 988 ἀπο-

200 1014 463 1067 δλωλέναι
499 1014 715 1066 κάκιστα
749 1012 1024 1082 γυναικέων
1058 1010 1326 1066 πασέων.”
1407 1011 1475 1065 ‘H
1517 1013 1573 1066 δὲ
1610 1013 1826 1081 Λαδίκη,

242 1090 354 1145 ἐπεί
378 1091 437 1144 τέ
461 1092 509 1143 οἱ
536 1091 808 1161 ἀρνευμένῃ
827 1090 974 1144 οὐδὲν
1001 1091 1194 1160 ἐγίνετο
1219 1087 1501 1161 πρηΰτερος
1527 1095 1556 1144 ὁ
1573 1088 1826 1159 ''Anao-tc,

242 1173 445 1238 εὔχεται
477 1169 531 1221 ἐν
556 1173 627 1241 τῷ
666 1170 763 1241 νόῳ
799 1174 862 1236 τῇ
885 1168 1190 1238 Ἀφροδίτῃ,
1220 1171 1280 1236 ἤν
1314 1170 1365 1221 οἱ
1401 1168 1478 1222 ἐπ’
1507 1169 1702 1236 ἐκείνην
1737 1170 1830 1238 τὴν

244 1246 395 1302 νύκτα
420 1246 580 1316 μιχθῇ
607 1243 895 1314 ὅ”Αμασις,
925 1250 1078 1300 τοῦτο
1103 1249 1204 1318 γάρ
1231 1248 1280 1299 οἶ
1307 1250 1459 1300 κακοῦ
1487 1242 1612 1300 εἶναι
1638 1250 1826 1317 μῆχος,

202 1335 228 1376 ο
244 1326 449 1398 ἄγαλμά
476 1328 523 1378 οἶ
550 1325 881 1394 ἀποπέμψειν
911 1325 964 1380 ἐς
992 1324 1238 1395 Κυρήνην.
1294 1326 1422 1394 μετὰ
1457 1326 1514 1378 δὲ
1550 1326 1643 1393 τὴν
1670 1326 1830 1395 εὐχὴν

243 1405 423 1458 αὐτίκα
448 1406 499 1458 οἳ
527 1403 708 1473 ἐμίχθη
736 1407 765 1456 ὁ
780 1400 1032 1471 'Aptans-⁹
1076 1405 1158 1456 καὶ
1193 1407 1252 1456 τὸ
1290 1403 1519 1456 ἐνθεῦτεν
1553 1405 1648 1472 ἤδη
1679 1407 1827 1458 ὁκότε

244 1484 397 1538 ἔλθοι
421 1485 551 1554 πρὸς
576 1481 746 1550 αὐτὴν,
763 1480 1026 1553 ἐμίσγετο·
1061 1482 1144 1535 καὶ
1171 1483 1328 1553 κάρτα
1353 1503 1438 1549 μιν
1457 1482 1672 1552 ἔστερξε
1699 1485 1826 1551 μετὰ

198 1577 224 1624 τ
244 1566 414 1616 τοῦτο.
471 1561 501 1630 ἦ
539 1561 594 1614 δέ
621 1560 808 1627 Λαδίκη
844 1561 1074 1628 ἀπέδωκε
1106 1559 1198 1628 τὴν
1233 1559 1387 1629 εὐχὴν
1411 1561 1475 1628 τῇ
1501 1559 1620 1633 θεῷ.
1678 1583 1824 1629 ποιη-

244 1639 436 1708 σαμένη
462 1640 563 1710 γὰρ
589 1638 795 1709 ἄγαλμα
821 1638 1100 1709 ἀπέπεμψε
1125 1638 1178 1694 ἐς
1203 1637 1451 1709 Κυρήνην,
1475 1641 1533 1691 τὸ
1561 1640 1637 1692 ἔτι
1664 1641 1749 1692 καὶ
1775 1640 1823 1695 ἐς

244 1719 332 1786 ἐμέ
367 1716 429 1786 ἦν
466 1720 609 1779 σόον,
640 1716 739 1782 ἔξω
779 1716 1122 1787 τετραμμένον
1160 1721 1252 1770 τοῦ
1281 1717 1574 1788 Κυρηναίων
1613 1717 1822 1774 ἄστεος.

197 1812 224 1855 8
245 1793 428 1864 ταύτην
465 1795 557 1864 τὴν
596 1794 831 1862 Λαδίκην,
874 1795 943 1849 ὡς
984 1795 1302 1866 ἐπεκράτησε
1341 1793 1626 1864 Καμβύσης
1664 1794 1820 1868 Αἰγῦ-

240 1895 391 1933 πτου,
423 1875 503 1926 καὶ
530 1871 743 1926 ἐπύθετο
771 1873 924 1940 αὐτῆς
959 1873 996 1943 ἥ
1027 1895 1104 1928 τις
1140 1871 1233 1941 εἴη,
1261 1873 1539 1944 ἀπέπεμψε
1564 1875 1748 1928 ἀσινέα
1775 1876 1823 1930 ἐς

108 1950 222 2004 182
246 1949 491 2021 Κυρήνην.
730 1950 968 2018 Ἀνέθηκε
1002 1953 1057 2005 δέ
1097 1953 1179 2005 καὶ
1215 1950 1506 2020 ἀναθήματα
1541 1955 1568 2004 ὁ
1593 1950 1822 2020 ’Ἄμασις

242 2029 295 2086 ἐς
334 2029 425 2097 τὴν
458 2027 707 2082 Ἐλλάδα·
764 2033 916 2082 τοῦτο
956 2030 1068 2097 μὲν,
1097 2027 1150 2086 ἐς
1191 2028 1421 2100 Κυρήνην
1459 2030 1668 2102 ἄγαλμα
1707 2030 1816 2084 ἐπί-

239 2129 441 2179 χρυσον
464 2105 749 2174 ’Λθηναίης,
779 2109 862 2160 καὶ
888 2108 1054 2162 είκόνα
1080 2110 1269 2162 ἑωυτοῦ
1294 2110 1471 2179 γραφῇ
1499 2109 1813 2176 εἰκασμένην·

242 2191 393 2239 τοῦτο
422 2186 495 2246 δὲ,
513 2186 575 2252 τῇ
602 2183 657 2238 ἐν
672 2185 839 2258 Λίνδῳ
866 2185 1105 2254 Ἀθηναίῃ
1134 2185 1224 2240 δύο
1252 2209 1308 2239 τε
1334 2187 1602 2255 ἀγάλματα
1628 2187 1812 2248 λίθινα,

197 2269 224 2309 2
243 2263 323 2312 καὶ
363 2262 561 2332 θώρηκα
600 2261 773 2314 λίνεον
811 2263 1127 2330 ἀξιοθέητον·
1183 2267 1336 2317 τοῦτο
1377 2261 1442 2324 δ’,
1469 2264 1524 2320 ἐς
1550 2267 1720 2333 Σάμον
1757 2268 1815 2334 τῇ

235 2334 373 2402 Ἥρῃ
401 2339 592 2391 εἰκόνας
618 2339 808 2392 ἑωυτοῦ
837 2341 1087 2410 διφασίας
1113 2342 1339 2409 ξυλίνας,
1368 2339 1420 2397 αἲ
1447 2341 1500 2396 ἐν
1525 2345 1598 2415 τῷ
1624 2348 1725 2416 νηῷ
1749 2345 1816 2416 τῷ

240 2413 447 2481 μεγάλῳ
495 2411 699 2482 ἱδρύατο
746 2416 831 2467 ἔτι·
868 2419 949 2470 καὶ
987 2420 1048 2471 τὸ
1086 2421 1268 2489 μέχρις
1305 2419 1444 2490 ἐμεῦ,
1485 2419 1674 2474 ὄπισθε
1719 2427 1816 2474 τῶν

198 2487 221 2504 ⁰
247 2479 449 2547 ‘’vpe'oev.
504 2487 558 2541 ἐς
597 2489 691 2556 μέν
732 2513 820 2545 νυν
862 2496 1030 2562 Σάμον
1071 2498 1280 2566 ἀνέθηκε
1327 2499 1454 2554 κατὰ
1497 2499 1686 2567 ξεινίην
1727 2498 1816 2567 τὴν

1930 693 1966 1380 ¹

1937 1390 1966 2030 ἶ
