1975 2892
35 203 98 242 u·
124 199 290 250 aaa]
387 138 1089 188 MEAHOMENHae-—nn
1130 140 1361 203 168-175.
1547 139 1661 192 385

35 259 301 310 ν-κίπωνα
319 254 736 326 προστήσωνται,
759 253 1052 324 μίσγονται.
1075 259 1279 320 πρῶτον
1298 255 1353 308 δέ
1372 257 1651 324 γαμέοντος
1665 274 1691 315 4

35 339 388 402 ἤασαμῶνος
426 334 624 404 ἀνδρὸς,
672 336 824 401 νόμος
864 333 979 384 ἐστὶ
1020 333 1113 400 τὴν
1158 331 1361 402 νύμφην
1404 333 1543 386 νυκτὶ
1588 338 1652 401 τῇ

35 415 240 485 πρώτῃ
284 413 370 465 διὰ
409 413 610 464 πάντων
650 410 929 477 διεξελθεῖν
968 416 1070 462 τῶν
1110 411 1420 478 δαιτυμόνων
1457 432 1646 482 μισγο·

35 492 234 557 ιε’νην·
279 494 380 542 τῶν
407 489 461 542 δὲ
490 490 557 544 ὧς
597 489 812 542 ἕκαστός
846 489 895 540 οἱ
929 487 1106 556 μιχθῇ,
1136 489 1271 541 διδοῖ
1303 489 1468 558 δῶρον
1502 490 1561 541 τὸ
1588 489 1651 541 ἂν

35 571 146 638 ἔχῃ
207 568 492 638 φερόμενος
539 567 596 633 ἐξ
649 564 809 619 οἴκου.
891 565 1147 637 Ὀρκίοισι
1200 567 1257 618 δέ
1303 567 1385 618 καὶ
1436 571 1688 635 μαντικῇὄ

35 645 314 716 (ρέωνται
339 647 526 713 τοιῇδε.
571 642 817 712 ὀμνύουσι
843 645 936 712 μὲν
961 644 1082 699 τοὺς
1106 644 1245 714 παρὰ
1274 644 1437 712 σφίσι
1464 644 1649 715 ἄνδρας

35 723 411 778 ἳικαιοτάτους
432 725 512 776 καὶ
533 723 777 792 ἀρίστους
801 722 1111 792 λεγομένους
1135 722 1393 790 γενέσθαι,
1417 719 1645 784 τούτους,

35 809 160 856 τῶν
189 799 400 868 τύμβων
426 803 716 869 ἁπτόμενοι.
759 799 1104 854 Μαντεύονται
1132 801 1188 854 δέ
1216 801 1299 854 ἐπὶ
1325 806 1427 852 τῶν
1450 803 1639 871 προγό-
1658 807 1685 852 6

35 902 158 932 νων
186 880 482 948 φοιτέοντες
508 880 572 931 τὰ
599 877 817 946 σήματα,
839 880 920 932 καὶ
947 879 1303 946 κατευξάμενοι
1332 879 1499 932 ε’πικατ
1507 900 1645 932 anot·

35 958 296 1010 ιιέωνται·
331 959 390 1010 τὸ
411 957 453 1010 δ’
477 957 538 1010 ἂν
563 955 644 1024 ἴδῃ
667 957 720 1009 ἐν
745 961 804 1025 τῇ
833 956 958 1027 ὄψει
979 955 1225 1022 ἐνύπνιον,
1249 954 1412 1028 τούτῳ
1438 960 1641 1027 χρᾶται.

35 1036 286 1090 Πίστισι
312 1035 367 1088 δὲ
388 1035 616 1102 τοιῃσίδε
636 1036 902 1104 χρέωνται.
947 1035 1003 1087 ἐκ
1023 1037 1112 1102 τῆς
1138 1036 1309 1106 χειρὸς
1336 1034 1469 1088 διδοῖ
1492 1039 1682 1098 mein?

35 1114 137 1167 καὶ
168 1113 323 1168 αὐτὸς
343 1115 397 1165 ἐκ
423 1117 512 1181 τῆς
531 1116 622 1165 τοῦ
649 1113 825 1183 ἐτέρου
849 1112 1001 1166 πίνει·
1048 1111 1108 1181 ἣν
1135 1114 1190 1166 δὲ
1215 1113 1284 1181 μὴ
1306 1113 1468 1182 ἔχωσι
1490 1114 1647 1185 ὑγρὸν

36 1191 234 1260 μηδὲν,
265 1192 316 1244 οἶ
343 1191 398 1243 δὲ
425 1193 514 1258 τῆς
538 1190 767 1260 χαμάθεν
795 1191 996 1244 σποδοῦ
1021 1193 1274 1255 λαβόντες
1298 1191 1559 1260 λείχουσι.

128 1267 428 1331 Νασαμῶσι
467 1264 524 1316 δὲ
565 1265 922 1336 προσ-ὅμουροί
959 1265 1064 1318 εἶσι
1104 1260 1321 1318 Ψύλλοι.
1378 1265 1519 1319 οὗτοι
1562 1267 1642 1334 ἐξ·
1662 1266 1775 1328 173

36 1343 361 1394 απολώλασι
402 1345 577 1414 τρόπῳ
617 1345 814 1416 τοιῷδε.
863 1347 893 1396 ὁ
929 1346 1077 1399 νότος
1110 1345 1215 1413 σφι
1256 1341 1421 1409 πνέων
1462 1345 1641 1413 ἄνεμος

36 1420 114 1471 τὰ
145 1420 346 1487 ἔλυτρα
381 1423 482 1470 τῶν
517 1418 714 1471 ὑδάτων
748 1416 974 1484 ἐξηύῃνε·
1020 1417 1049 1484 ἦ
1088 1419 1149 1471 δὲ
1179 1420 1321 1487 χώρη
1360 1419 1464 1487 σφι
1498 1421 1641 1473 πᾶσα

37 1497 200 1552 ἐντὸς
226 1496 388 1549 ἐοῦσα
412 1498 502 1563 τῆς
537 1493 762 1566 Σύρτιος,
791 1493 853 1562 ἦν
877 1495 1109 1567 ἄνυδρος.
1153 1498 1204 1549 οἱ
1241 1496 1314 1556 δὲ,
1342 1497 1636 1559 βουλευσά-
1654 1517 1679 1557 2

37 1595 218 1642 μενοι,
256 1578 406 1647 κοινῷ
441 1577 584 1646 λόγῳ
621 1571 987 1643 ἐστρατεύοντο
1025 1574 1110 1627 ἐπὶ
1144 1575 1233 1626 τὸν
1269 1575 1431 1626 νότον·
1477 1571 1643 1646 (λέγω

39 1655 106 1706 δέ
138 1655 300 1705 ταῦτα
325 1653 389 1704 τὰ
413 1653 632 1723 λέγουσι
660 1648 895 1722 Λίβυες·)
923 1653 1005 1704 καὶ
1026 1652 1137 1705 ἐπεί
1161 1674 1219 1704 τε
1245 1651 1473 1722 ἐγίνοντο
1499 1653 1554 1706 ἐν
1579 1659 1639 1722 τῇ

37 1732 276 1802 ψάμμῳ,
295 1727 519 1784 πνεύσας
534 1733 563 1782 ὁ
584 1733 730 1784 νότος
750 1729 1015 1798 κατέχωσέ
1034 1731 1220 1799 σφεας.
1252 1730 1638 1798 ἐξαπολομένων
1653 1750 1677 1790 3

41 1810 104 1862 δέ
125 1806 339 1869 τούτων,
359 1809 542 1876 ἔχουσι
562 1807 652 1876 τὴν
666 1809 841 1878 χώρην
856 1809 904 1860 οἶ
923 1813 1255 1876 Νασαμῶνες.
1437 1807 1637 1862 Τούτων
1661 1811 1773 1874 174

41 1888 106 1939 δὲ
139 1880 438 1956 κατύπερθε,
459 1887 590 1956 πρὸς
610 1889 754 1938 νότον
773 1885 973 1954 ἄνεμον,
997 1887 1051 1940 ἐν
1070 1888 1133 1955 τῇ
1154 1887 1389 1957 θηριώδεῖ
1412 1886 1639 1944 οἰκέουσι

45 1965 391 2034 Γαράμαντες·
436 1960 487 2018 οἳ
520 1965 684 2018 πάντα
719 1963 986 2035 ἄνθρωπον
1022 1962 1299 2035 φεύγουσι,
1328 1965 1410 2018 καὶ
1445 1967 1635 2022 παντὸς

46 2041 280 2110 ὁμιλίην·
329 2041 412 2094 καὶ
453 2044 569 2094 οὕτε
615 2040 780 2096 ὅπλον
824 2041 1051 2096 ἐκτέαται
1092 2042 1269 2114 άρὴἳον
1310 2044 1474 2105 οὐδὲν,
1519 2047 1635 2097 οὔτε

48 2117 335 2187 ἀμύνεσθαι
379 2120 691 2173 ἐπιστέαται.
935 2119 1091 2174 Οὗτοι
1132 2123 1224 2189 μὲν
1259 2121 1320 2188 δὴ
1357 2119 1633 2191 κατύπερθε
1661 2122 1772 2184 175

51 2197 282 2251 υἷκέουσι
309 2199 658 2266 Νασαμώνων·
701 2199 760 2251 τὸ
788 2198 844 2252 δὲ
862 2199 1001 2268 παρὰ
1021 2200 1111 2266 τὴν
1132 2198 1405 2252 θάλασσαν
1430 2201 1635 2269 ἔχονται

56 2279 114 2330 τὸ
152 2277 279 2346 πρὸς
313 2275 532 2346 ἑσπέρης
569 2277 756 2329 Μάκαι·
811 2272 862 2329 οἳ
899 2277 1103 2344 λόφους
1138 2277 1405 2346 κείρονται,
1443 2278 1503 2330 τὸ
1540 2277 1637 2346 μὲν

55 2354 218 2416 μέσον
249 2358 349 2406 τῶν
387 2359 578 2423 τριχῶν
615 2353 834 2410 ἀνιέντες
871 2354 1139 2420 αὔξεσθαι,
1171 2355 1237 2407 τὰ
1276 2355 1331 2408 δὲ
1370 2354 1512 2408 ἔνθεν
1551 2353 1637 2408 καὶ

55 2431 200 2486 ἔνθεν
236 2431 483 2501 κείροντες
517 2432 571 2484 ἐν
608 2427 749 2502 χροΐ·
800 2433 853 2488 ἐς
887 2433 942 2486 δὲ
979 2434 1069 2484 τὸν
1102 2435 1331 2500 πόλεμον
1368 2433 1637 2504 στρουθῶν

59 2509 337 2578 καταγαίων
372 2509 524 2579 δορὰς
559 2510 816 2581 φορέουσι
850 2508 1213 2582 προβλήματα.
1258 2510 1341 2564 διὸ
1376 2511 1433 2564 δὲ
1467 2511 1629 2565 αὐτῶν
1648 2523 1675 2564 2

62 2587 234 2656 Κίνυψ
259 2588 482 2655 ποταμὸς
506 2585 638 2658 ῥέων
663 2589 718 2642 ἐκ
753 2591 930 2658 λόφου
955 2587 1263 2658 καλευμένου
1296 2589 1548 2662 Χαρίτων,
1577 2589 1629 2646 ἐς

145 2683 237 2714 τοι.
257 2683 286 2714 1.
786 2681 820 2720 c
846 2683 877 2721 c
