<?xml version="1.0" encoding="UTF-8"?>
<!DOCTYPE html PUBLIC "-//W3C//DTD XHTML 1.0 Transitional//EN"
    "http://www.w3.org/TR/xhtml1/DTD/xhtml1-transitional.dtd">
<html xmlns="http://www.w3.org/1999/xhtml" xml:lang="en" lang="en">
 <head>
  <title>
</title>
<meta http-equiv="Content-Type" content="text/html;charset=utf-8" />
  <meta name='ocr-system' content='tesseract 3.04.00' />
  <meta name='ocr-capabilities' content='ocr_page ocr_carea ocr_par ocr_line ocrx_word'/>
</head>
<body>
  <div class='ocr_page' id='page_1' title='image "./herodotihistori00westgoog_0387.png"; bbox 0 0 1975 2892; ppageno 0'>
   <div class='ocr_carea' id='block_1_1' title="bbox 129 69 1723 191">
    <p class='ocr_par' dir='ltr' id='par_1_1' title="bbox 129 69 1723 191">
     <span class='ocr_line' id='line_1_1' title="bbox 129 69 1723 191; baseline -0.001 -67"><span class='ocrx_word' id='word_1_1' title='bbox 129 143 184 180; x_wconf 59' lang='lat'>01</span> <span class='ocrx_word' id='word_1_2' title='bbox 220 143 274 182; x_wconf 77' lang='lat'>65</span> <span class='ocrx_word' id='word_1_3' title='bbox 310 143 372 191; x_wconf 59' lang='lat'>4]</span> <span class='ocrx_word' id='word_1_4' title='bbox 485 77 1183 124; x_wconf 82' lang='lat' dir='ltr'>MEAIIOMENH.-—1v.</span> <span class='ocrx_word' id='word_1_5' title='bbox 1218 75 1386 136; x_wconf 79' lang='lat'><strong>78-80.</strong></span> <span class='ocrx_word' id='word_1_6' title='bbox 1609 69 1723 123; x_wconf 83' lang='lat'>343</span> 
     </span>
    </p>
   </div>
   <div class='ocr_carea' id='block_1_2' title="bbox 129 191 1821 2603">
    <p class='ocr_par' dir='ltr' id='par_1_2' title="bbox 129 191 1821 2603">
     <span class='ocr_line' id='line_1_2' title="bbox 133 191 1721 264; baseline -0.003 -17"><span class='ocrx_word' id='word_1_7' title='bbox 133 197 304 262; x_wconf 80' lang='grc' dir='ltr'>οἱκίης</span> <span class='ocrx_word' id='word_1_8' title='bbox 329 196 555 264; x_wconf 77' lang='grc' dir='ltr'>μεγάλης</span> <span class='ocrx_word' id='word_1_9' title='bbox 582 196 662 247; x_wconf 74' lang='grc' dir='ltr'>καὶ</span> <span class='ocrx_word' id='word_1_10' title='bbox 692 191 1009 247; x_wconf 77' lang='grc' dir='ltr'>πολυτελέος</span> <span class='ocrx_word' id='word_1_11' title='bbox 1032 194 1304 262; x_wconf 80' lang='grc' dir='ltr'>περιβολὴ,</span> <span class='ocrx_word' id='word_1_12' title='bbox 1334 193 1424 259; x_wconf 84' lang='grc' dir='ltr'>τῆς</span> <span class='ocrx_word' id='word_1_13' title='bbox 1450 193 1531 244; x_wconf 74' lang='grc' dir='ltr'>καὶ</span> <span class='ocrx_word' id='word_1_14' title='bbox 1558 191 1721 261; x_wconf 76' lang='grc' dir='ltr'>ὀλίγῳ</span> 
     </span>
     <span class='ocr_line' id='line_1_3' title="bbox 131 265 1722 343; baseline -0.004 -18"><span class='ocrx_word' id='word_1_15' title='bbox 131 295 186 325; x_wconf 89' lang='grc' dir='ltr'>τι</span> <span class='ocrx_word' id='word_1_16' title='bbox 213 276 470 343; x_wconf 84' lang='grc' dir='ltr'>πρότερον</span> <span class='ocrx_word' id='word_1_17' title='bbox 499 269 693 326; x_wconf 86' lang='grc' dir='ltr'>τούτων</span> <span class='ocrx_word' id='word_1_18' title='bbox 728 269 923 339; x_wconf 88' lang='grc' dir='ltr'>μνήμην</span> <span class='ocrx_word' id='word_1_19' title='bbox 949 265 1108 338; x_wconf 80' lang='grc' dir='ltr'>εἶχον,</span> <span class='ocrx_word' id='word_1_20' title='bbox 1138 268 1229 337; x_wconf 89' lang='grc' dir='ltr'>τήν</span> <span class='ocrx_word' id='word_1_21' title='bbox 1267 291 1322 322; x_wconf 87' lang='grc' dir='ltr'>τε</span> <span class='ocrx_word' id='word_1_22' title='bbox 1354 268 1505 340; x_wconf 78' lang='grc' dir='ltr'>πέριξ</span> <span class='ocrx_word' id='word_1_23' title='bbox 1534 271 1722 320; x_wconf 81' lang='grc' dir='ltr'>λευκοῦ</span> 
     </span>
     <span class='ocr_line' id='line_1_4' title="bbox 131 344 1721 420; baseline -0.003 -17"><span class='ocrx_word' id='word_1_24' title='bbox 131 350 294 403; x_wconf 90' lang='grc' dir='ltr'>λίθου</span> <span class='ocrx_word' id='word_1_25' title='bbox 339 350 565 420; x_wconf 80' lang='grc' dir='ltr'>σφίγγες</span> <span class='ocrx_word' id='word_1_26' title='bbox 606 372 662 403; x_wconf 86' lang='grc' dir='ltr'>τε</span> <span class='ocrx_word' id='word_1_27' title='bbox 703 351 786 402; x_wconf 85' lang='grc' dir='ltr'>καὶ</span> <span class='ocrx_word' id='word_1_28' title='bbox 831 346 1021 418; x_wconf 86' lang='grc' dir='ltr'>γρύπες</span> <span class='ocrx_word' id='word_1_29' title='bbox 1061 345 1306 401; x_wconf 78' lang='grc' dir='ltr'>ἕστασαν·</span> <span class='ocrx_word' id='word_1_30' title='bbox 1363 347 1417 402; x_wconf 86' lang='grc' dir='ltr'>ἐς</span> <span class='ocrx_word' id='word_1_31' title='bbox 1460 344 1646 412; x_wconf 86' lang='grc' dir='ltr'>ταύτην</span> <span class='ocrx_word' id='word_1_32' title='bbox 1691 348 1721 399; x_wconf 82' lang='grc' dir='ltr'><strong><em>ὅ</em></strong></span> 
     </span>
     <span class='ocr_line' id='line_1_5' title="bbox 130 422 1721 496; baseline -0.002 -15"><span class='ocrx_word' id='word_1_33' title='bbox 130 429 254 484; x_wconf 87' lang='grc' dir='ltr'>θεὸς</span> <span class='ocrx_word' id='word_1_34' title='bbox 282 427 540 496; x_wconf 74' lang='grc' dir='ltr'>ἐνέσκηψε</span> <span class='ocrx_word' id='word_1_35' title='bbox 564 427 740 492; x_wconf 78' lang='grc' dir='ltr'>βέλος·</span> <span class='ocrx_word' id='word_1_36' title='bbox 786 428 865 479; x_wconf 89' lang='grc' dir='ltr'>καὶ</span> <span class='ocrx_word' id='word_1_37' title='bbox 891 425 922 492; x_wconf 84' lang='grc' dir='ltr'><em>ἡ</em></span> <span class='ocrx_word' id='word_1_38' title='bbox 949 426 1043 493; x_wconf 79' lang='grc' dir='ltr'>μὲν</span> <span class='ocrx_word' id='word_1_39' title='bbox 1068 427 1279 492; x_wconf 84' lang='grc' dir='ltr'>κατεκάη</span> <span class='ocrx_word' id='word_1_40' title='bbox 1306 427 1469 479; x_wconf 81' lang='grc' dir='ltr'>πᾶσα.</span> <span class='ocrx_word' id='word_1_41' title='bbox 1526 422 1721 490; x_wconf 89' lang='grc' dir='ltr'>Σκύλης</span> 
     </span>
     <span class='ocr_line' id='line_1_6' title="bbox 131 500 1721 570; baseline -0.003 -12"><span class='ocrx_word' id='word_1_42' title='bbox 131 507 191 558; x_wconf 72' lang='grc' dir='ltr'>δὲ</span> <span class='ocrx_word' id='word_1_43' title='bbox 235 506 387 558; x_wconf 75' lang='grc' dir='ltr'>οὐδὲν</span> <span class='ocrx_word' id='word_1_44' title='bbox 426 504 610 558; x_wconf 81' lang='grc' dir='ltr'>τούτου</span> <span class='ocrx_word' id='word_1_45' title='bbox 643 503 804 558; x_wconf 81' lang='grc' dir='ltr'>εἵνεκα</span> <span class='ocrx_word' id='word_1_46' title='bbox 839 502 1009 570; x_wconf 79' lang='grc' dir='ltr'>ἧσσον</span> <span class='ocrx_word' id='word_1_47' title='bbox 1048 503 1330 556; x_wconf 78' lang='grc' dir='ltr'>ἐπετέλεσε</span> <span class='ocrx_word' id='word_1_48' title='bbox 1368 502 1459 569; x_wconf 85' lang='grc' dir='ltr'>τὴν</span> <span class='ocrx_word' id='word_1_49' title='bbox 1492 500 1721 569; x_wconf 87' lang='grc' dir='ltr'>τελετήν.</span> 
     </span>
     <span class='ocr_line' id='line_1_7' title="bbox 131 579 1765 652; baseline -0.003 -15"><span class='ocrx_word' id='word_1_50' title='bbox 131 582 324 637; x_wconf 79' lang='grc' dir='ltr'>Σκύθαι</span> <span class='ocrx_word' id='word_1_51' title='bbox 361 584 416 636; x_wconf 82' lang='grc' dir='ltr'>δὲ</span> <span class='ocrx_word' id='word_1_52' title='bbox 448 587 542 636; x_wconf 87' lang='grc' dir='ltr'>τοῦ</span> <span class='ocrx_word' id='word_1_53' title='bbox 576 581 848 650; x_wconf 79' lang='grc' dir='ltr'>βακχεύειν</span> <span class='ocrx_word' id='word_1_54' title='bbox 881 581 999 652; x_wconf 89' lang='grc' dir='ltr'>πέρι</span> <span class='ocrx_word' id='word_1_55' title='bbox 1025 580 1257 647; x_wconf 86' lang='grc' dir='ltr'>Ἕλλησι</span> <span class='ocrx_word' id='word_1_56' title='bbox 1293 581 1614 645; x_wconf 74' lang='grc' dir='ltr'>ὀνειδίζουσι·</span> <span class='ocrx_word' id='word_1_57' title='bbox 1660 579 1720 632; x_wconf 79' lang='grc' dir='ltr'>οὗ</span> <span class='ocrx_word' id='word_1_58' title='bbox 1740 599 1765 638; x_wconf 73' lang='lat'><em>8</em></span> 
     </span>
     <span class='ocr_line' id='line_1_8' title="bbox 129 656 1723 732; baseline 0 -18"><span class='ocrx_word' id='word_1_59' title='bbox 129 664 236 732; x_wconf 87' lang='grc' dir='ltr'>γάρ</span> <span class='ocrx_word' id='word_1_60' title='bbox 282 661 421 730; x_wconf 89' lang='grc' dir='ltr'>φασι</span> <span class='ocrx_word' id='word_1_61' title='bbox 465 661 602 716; x_wconf 77' lang='grc' dir='ltr'>οἰκὸς</span> <span class='ocrx_word' id='word_1_62' title='bbox 642 656 768 714; x_wconf 81' lang='grc' dir='ltr'>εἶναι</span> <span class='ocrx_word' id='word_1_63' title='bbox 815 658 930 712; x_wconf 81' lang='grc' dir='ltr'>θεὸν</span> <span class='ocrx_word' id='word_1_64' title='bbox 977 660 1290 728; x_wconf 80' lang='grc' dir='ltr'>ἐξευρίσκειν</span> <span class='ocrx_word' id='word_1_65' title='bbox 1342 661 1523 711; x_wconf 86' lang='grc' dir='ltr'>τοῦτον</span> <span class='ocrx_word' id='word_1_66' title='bbox 1576 657 1723 714; x_wconf 83' lang='grc' dir='ltr'>ὅστις</span> 
     </span>
     <span class='ocr_line' id='line_1_9' title="bbox 130 736 1768 810; baseline -0.003 -18"><span class='ocrx_word' id='word_1_67' title='bbox 130 739 409 807; x_wconf 85' lang='grc' dir='ltr'>μαίνεσθαι</span> <span class='ocrx_word' id='word_1_68' title='bbox 437 739 601 810; x_wconf 87' lang='grc' dir='ltr'>ἐνάγει</span> <span class='ocrx_word' id='word_1_69' title='bbox 634 739 945 808; x_wconf 78' lang='grc' dir='ltr'>ἀνθρώπους.</span> <span class='ocrx_word' id='word_1_70' title='bbox 1029 738 1177 790; x_wconf 86' lang='grc' dir='ltr'>Ἐπεί</span> <span class='ocrx_word' id='word_1_71' title='bbox 1200 759 1257 790; x_wconf 92' lang='grc' dir='ltr'>τε</span> <span class='ocrx_word' id='word_1_72' title='bbox 1294 737 1349 790; x_wconf 84' lang='grc' dir='ltr'>δέ</span> <span class='ocrx_word' id='word_1_73' title='bbox 1378 736 1623 803; x_wconf 81' lang='grc' dir='ltr'>ἐτελέσθη</span> <span class='ocrx_word' id='word_1_74' title='bbox 1650 740 1721 810; x_wconf 77' lang='grc' dir='ltr'>τῷ</span> <span class='ocrx_word' id='word_1_75' title='bbox 1741 755 1768 796; x_wconf 67' lang='lat'>4</span> 
     </span>
     <span class='ocr_line' id='line_1_10' title="bbox 134 814 1723 889; baseline -0.002 -19"><span class='ocrx_word' id='word_1_76' title='bbox 134 817 368 889; x_wconf 80' lang='grc' dir='ltr'>Βακχείῳ</span> <span class='ocrx_word' id='word_1_77' title='bbox 395 820 424 869; x_wconf 86' lang='grc' dir='ltr'>ὁ</span> <span class='ocrx_word' id='word_1_78' title='bbox 442 815 654 883; x_wconf 89' lang='grc' dir='ltr'>Σκύλης,</span> <span class='ocrx_word' id='word_1_79' title='bbox 673 815 1046 887; x_wconf 79' lang='grc' dir='ltr'>διεπρήστευσε</span> <span class='ocrx_word' id='word_1_80' title='bbox 1066 821 1167 868; x_wconf 82' lang='grc' dir='ltr'>τῶν</span> <span class='ocrx_word' id='word_1_81' title='bbox 1191 836 1269 870; x_wconf 87' lang='grc' dir='ltr'>τις</span> <span class='ocrx_word' id='word_1_82' title='bbox 1288 814 1723 884; x_wconf 79' lang='grc' dir='ltr'>Βορυσθενεῖτέων</span> 
     </span>
     <span class='ocr_line' id='line_1_11' title="bbox 132 887 1777 966; baseline -0.001 -18"><span class='ocrx_word' id='word_1_83' title='bbox 132 897 269 966; x_wconf 86' lang='grc' dir='ltr'>πρὸς</span> <span class='ocrx_word' id='word_1_84' title='bbox 303 895 422 950; x_wconf 80' lang='grc' dir='ltr'>τοὺς</span> <span class='ocrx_word' id='word_1_85' title='bbox 448 893 658 955; x_wconf 88' lang='grc' dir='ltr'>Σκύθας,</span> <span class='ocrx_word' id='word_1_86' title='bbox 687 895 873 966; x_wconf 85' lang='grc' dir='ltr'>λέγων·</span> <span class='ocrx_word' id='word_1_87' title='bbox 959 899 996 920; x_wconf 88' lang='lat'><strong>“</strong></span> <span class='ocrx_word' id='word_1_88' title='bbox 1014 893 1169 961; x_wconf 84' lang='grc' dir='ltr'>Ἡμῖν</span> <span class='ocrx_word' id='word_1_89' title='bbox 1192 895 1294 964; x_wconf 80' lang='grc' dir='ltr'>γὰρ</span> <span class='ocrx_word' id='word_1_90' title='bbox 1322 895 1649 964; x_wconf 80' lang='grc' dir='ltr'>καταγελᾶτε,</span> <span class='ocrx_word' id='word_1_91' title='bbox 1681 893 1720 947; x_wconf 76' lang='grc' dir='ltr'><em>ὦ</em></span> <span class='ocrx_word' id='word_1_92' title='bbox 1741 887 1777 950; x_wconf 63' lang='grc' dir='ltr'>δ’</span> 
     </span>
     <span class='ocr_line' id='line_1_12' title="bbox 135 971 1723 1041; baseline 0 -16"><span class='ocrx_word' id='word_1_93' title='bbox 135 971 344 1034; x_wconf 89' lang='grc' dir='ltr'>Σκύθαι,</span> <span class='ocrx_word' id='word_1_94' title='bbox 373 972 452 1025; x_wconf 82' lang='grc' dir='ltr'>ὅτι</span> <span class='ocrx_word' id='word_1_95' title='bbox 477 971 798 1041; x_wconf 86' lang='grc' dir='ltr'>βακχεύομεν</span> <span class='ocrx_word' id='word_1_96' title='bbox 833 974 913 1025; x_wconf 83' lang='grc' dir='ltr'>καὶ</span> <span class='ocrx_word' id='word_1_97' title='bbox 939 971 1095 1040; x_wconf 80' lang='grc' dir='ltr'>ἡμέας</span> <span class='ocrx_word' id='word_1_98' title='bbox 1121 975 1150 1024; x_wconf 81' lang='grc' dir='ltr'>ὁ</span> <span class='ocrx_word' id='word_1_99' title='bbox 1178 971 1292 1026; x_wconf 84' lang='grc' dir='ltr'>θεὸς</span> <span class='ocrx_word' id='word_1_100' title='bbox 1317 973 1589 1039; x_wconf 71' lang='grc' dir='ltr'>λαμβάνει*</span> <span class='ocrx_word' id='word_1_101' title='bbox 1634 974 1723 1025; x_wconf 82' lang='grc' dir='ltr'>νῦν</span> 
     </span>
     <span class='ocr_line' id='line_1_13' title="bbox 136 1050 1721 1120; baseline -0.001 -17"><span class='ocrx_word' id='word_1_102' title='bbox 136 1051 289 1106; x_wconf 81' lang='grc' dir='ltr'>οὗτος</span> <span class='ocrx_word' id='word_1_103' title='bbox 315 1054 344 1103; x_wconf 82' lang='grc' dir='ltr'>ὁ</span> <span class='ocrx_word' id='word_1_104' title='bbox 371 1051 563 1120; x_wconf 88' lang='grc' dir='ltr'>δαίμων</span> <span class='ocrx_word' id='word_1_105' title='bbox 589 1053 670 1104; x_wconf 81' lang='grc' dir='ltr'>καὶ</span> <span class='ocrx_word' id='word_1_106' title='bbox 697 1052 785 1103; x_wconf 85' lang='grc' dir='ltr'>τὸν</span> <span class='ocrx_word' id='word_1_107' title='bbox 811 1050 1055 1120; x_wconf 86' lang='grc' dir='ltr'>ὑμέτερον</span> <span class='ocrx_word' id='word_1_108' title='bbox 1079 1050 1308 1114; x_wconf 88' lang='grc' dir='ltr'>βασιλέα</span> <span class='ocrx_word' id='word_1_109' title='bbox 1332 1051 1607 1116; x_wconf 83' lang='grc' dir='ltr'>λελάβηκε,</span> <span class='ocrx_word' id='word_1_110' title='bbox 1639 1050 1721 1102; x_wconf 78' lang='grc' dir='ltr'>καὶ</span> 
     </span>
     <span class='ocr_line' id='line_1_14' title="bbox 135 1127 1767 1198; baseline 0.001 -16"><span class='ocrx_word' id='word_1_111' title='bbox 135 1127 400 1198; x_wconf 87' lang='grc' dir='ltr'>βακχεύει,</span> <span class='ocrx_word' id='word_1_112' title='bbox 431 1129 512 1181; x_wconf 78' lang='grc' dir='ltr'>καὶ</span> <span class='ocrx_word' id='word_1_113' title='bbox 533 1129 632 1182; x_wconf 83' lang='grc' dir='ltr'>ὑπὸ</span> <span class='ocrx_word' id='word_1_114' title='bbox 647 1132 740 1181; x_wconf 92' lang='grc' dir='ltr'>τοῦ</span> <span class='ocrx_word' id='word_1_115' title='bbox 757 1127 878 1181; x_wconf 82' lang='grc' dir='ltr'>θεοῦ</span> <span class='ocrx_word' id='word_1_116' title='bbox 896 1128 1143 1196; x_wconf 86' lang='grc' dir='ltr'>μαίνεται.</span> <span class='ocrx_word' id='word_1_117' title='bbox 1188 1127 1233 1180; x_wconf 81' lang='grc' dir='ltr'>εἶ</span> <span class='ocrx_word' id='word_1_118' title='bbox 1250 1127 1307 1180; x_wconf 90' lang='grc' dir='ltr'>δέ</span> <span class='ocrx_word' id='word_1_119' title='bbox 1323 1148 1411 1196; x_wconf 91' lang='grc' dir='ltr'>μοι</span> <span class='ocrx_word' id='word_1_120' title='bbox 1432 1127 1717 1188; x_wconf 82' lang='grc' dir='ltr'>ἀπιστέετε,</span> <span class='ocrx_word' id='word_1_121' title='bbox 1742 1143 1767 1183; x_wconf 75' lang='grc'><strong><em>8</em></strong></span> 
     </span>
     <span class='ocr_line' id='line_1_15' title="bbox 139 1203 1721 1278; baseline -0.001 -18"><span class='ocrx_word' id='word_1_122' title='bbox 139 1207 348 1267; x_wconf 79' lang='grc' dir='ltr'>ἕπεσθε,</span> <span class='ocrx_word' id='word_1_123' title='bbox 378 1209 459 1260; x_wconf 86' lang='grc' dir='ltr'>καὶ</span> <span class='ocrx_word' id='word_1_124' title='bbox 485 1207 601 1275; x_wconf 81' lang='grc' dir='ltr'>ὑμῖν</span> <span class='ocrx_word' id='word_1_125' title='bbox 628 1208 728 1278; x_wconf 76' lang='grc' dir='ltr'>ἐγὼ</span> <span class='ocrx_word' id='word_1_126' title='bbox 755 1203 966 1272; x_wconf 77' lang='grc' dir='ltr'>δείξω.”</span> <span class='ocrx_word' id='word_1_127' title='bbox 1050 1203 1269 1260; x_wconf 79' lang='grc' dir='ltr'>Εἴποντο</span> <span class='ocrx_word' id='word_1_128' title='bbox 1296 1210 1397 1258; x_wconf 82' lang='grc' dir='ltr'>τῶν</span> <span class='ocrx_word' id='word_1_129' title='bbox 1418 1204 1646 1258; x_wconf 88' lang='grc' dir='ltr'>Σκυθέων</span> <span class='ocrx_word' id='word_1_130' title='bbox 1671 1207 1721 1259; x_wconf 74' lang='grc' dir='ltr'>οἱ</span> 
     </span>
     <span class='ocr_line' id='line_1_16' title="bbox 135 1277 1718 1356; baseline -0.003 -17"><span class='ocrx_word' id='word_1_131' title='bbox 135 1289 504 1354; x_wconf 81' lang='grc' dir='ltr'>προεστεῶτες·</span> <span class='ocrx_word' id='word_1_132' title='bbox 570 1286 651 1339; x_wconf 78' lang='grc' dir='ltr'>καὶ</span> <span class='ocrx_word' id='word_1_133' title='bbox 691 1284 872 1340; x_wconf 74' lang='grc' dir='ltr'>αὐτοὺς</span> <span class='ocrx_word' id='word_1_134' title='bbox 912 1285 1178 1356; x_wconf 80' lang='grc' dir='ltr'>ἀναγαγὼν</span> <span class='ocrx_word' id='word_1_135' title='bbox 1229 1287 1258 1336; x_wconf 82' lang='grc' dir='ltr'>ὁ</span> <span class='ocrx_word' id='word_1_136' title='bbox 1306 1277 1718 1353; x_wconf 79' lang='grc' dir='ltr'>Βορυσθενεΐτης,</span> 
     </span>
     <span class='ocr_line' id='line_1_17' title="bbox 137 1359 1765 1434; baseline -0.002 -18"><span class='ocrx_word' id='word_1_137' title='bbox 137 1363 305 1434; x_wconf 86' lang='grc' dir='ltr'>λάθρη</span> <span class='ocrx_word' id='word_1_138' title='bbox 347 1364 430 1416; x_wconf 77' lang='grc' dir='ltr'>ἐπὶ</span> <span class='ocrx_word' id='word_1_139' title='bbox 468 1361 666 1433; x_wconf 89' lang='grc' dir='ltr'>πύργον</span> <span class='ocrx_word' id='word_1_140' title='bbox 705 1365 923 1416; x_wconf 85' lang='grc' dir='ltr'>κατεῖσε.</span> <span class='ocrx_word' id='word_1_141' title='bbox 970 1363 1080 1415; x_wconf 86' lang='grc' dir='ltr'>ἐπεί</span> <span class='ocrx_word' id='word_1_142' title='bbox 1118 1384 1175 1414; x_wconf 90' lang='grc' dir='ltr'>τε</span> <span class='ocrx_word' id='word_1_143' title='bbox 1210 1363 1266 1415; x_wconf 77' lang='grc' dir='ltr'>δὲ</span> <span class='ocrx_word' id='word_1_144' title='bbox 1300 1359 1483 1430; x_wconf 86' lang='grc' dir='ltr'>παρήἳε</span> <span class='ocrx_word' id='word_1_145' title='bbox 1522 1361 1621 1412; x_wconf 80' lang='grc' dir='ltr'>σὺν</span> <span class='ocrx_word' id='word_1_146' title='bbox 1651 1362 1723 1434; x_wconf 72' lang='grc' dir='ltr'>τῷ</span> <span class='ocrx_word' id='word_1_147' title='bbox 1742 1377 1765 1422; x_wconf 69' lang='grc'><strong>7</strong></span> 
     </span>
     <span class='ocr_line' id='line_1_18' title="bbox 141 1436 1718 1514; baseline -0.003 -20"><span class='ocrx_word' id='word_1_148' title='bbox 141 1441 308 1514; x_wconf 75' lang='grc' dir='ltr'>θιάσῳ</span> <span class='ocrx_word' id='word_1_149' title='bbox 344 1445 372 1494; x_wconf 87' lang='grc' dir='ltr'><strong><em>ὁ</em></strong></span> <span class='ocrx_word' id='word_1_150' title='bbox 409 1439 620 1508; x_wconf 88' lang='grc' dir='ltr'>Σκύλης,</span> <span class='ocrx_word' id='word_1_151' title='bbox 660 1441 742 1493; x_wconf 74' lang='grc' dir='ltr'>καὶ</span> <span class='ocrx_word' id='word_1_152' title='bbox 781 1436 916 1493; x_wconf 76' lang='grc' dir='ltr'>εἶδόν</span> <span class='ocrx_word' id='word_1_153' title='bbox 953 1461 1041 1508; x_wconf 85' lang='grc' dir='ltr'>μιν</span> <span class='ocrx_word' id='word_1_154' title='bbox 1078 1436 1397 1508; x_wconf 87' lang='grc' dir='ltr'>βακχεύοντα</span> <span class='ocrx_word' id='word_1_155' title='bbox 1436 1440 1485 1491; x_wconf 79' lang='grc' dir='ltr'>οἱ</span> <span class='ocrx_word' id='word_1_156' title='bbox 1517 1436 1718 1500; x_wconf 88' lang='grc' dir='ltr'>Σκύθαι,</span> 
     </span>
     <span class='ocr_line' id='line_1_19' title="bbox 142 1516 1718 1590; baseline -0.001 -19"><span class='ocrx_word' id='word_1_157' title='bbox 142 1521 300 1590; x_wconf 86' lang='grc' dir='ltr'>κάρτα</span> <span class='ocrx_word' id='word_1_158' title='bbox 340 1518 618 1590; x_wconf 79' lang='grc' dir='ltr'>συμφορὴν</span> <span class='ocrx_word' id='word_1_159' title='bbox 655 1520 884 1588; x_wconf 81' lang='grc' dir='ltr'>μεγάλην</span> <span class='ocrx_word' id='word_1_160' title='bbox 930 1516 1255 1584; x_wconf 84' lang='grc' dir='ltr'>ἐποιήσαντο·</span> <span class='ocrx_word' id='word_1_161' title='bbox 1314 1516 1609 1582; x_wconf 78' lang='grc' dir='ltr'>ἐξελθόντες</span> <span class='ocrx_word' id='word_1_162' title='bbox 1645 1517 1718 1578; x_wconf 76' lang='grc' dir='ltr'>δὲ,</span> 
     </span>
     <span class='ocr_line' id='line_1_20' title="bbox 143 1593 1821 1666; baseline -0.003 -16"><span class='ocrx_word' id='word_1_163' title='bbox 143 1596 416 1665; x_wconf 88' lang='grc' dir='ltr'>ἐσήμαινον</span> <span class='ocrx_word' id='word_1_164' title='bbox 430 1599 573 1664; x_wconf 83' lang='grc' dir='ltr'>πάσῃ</span> <span class='ocrx_word' id='word_1_165' title='bbox 601 1597 663 1664; x_wconf 79' lang='grc' dir='ltr'>τῇ</span> <span class='ocrx_word' id='word_1_166' title='bbox 691 1601 905 1666; x_wconf 83' lang='grc' dir='ltr'>στρατιῇ</span> <span class='ocrx_word' id='word_1_167' title='bbox 932 1597 996 1648; x_wconf 77' lang='grc' dir='ltr'>τὰ</span> <span class='ocrx_word' id='word_1_168' title='bbox 1020 1593 1196 1648; x_wconf 74' lang='grc' dir='ltr'>ἴδοιεν.</span> <span class='ocrx_word' id='word_1_169' title='bbox 1402 1593 1493 1649; x_wconf 82' lang='grc' dir='ltr'>Ὣς</span> <span class='ocrx_word' id='word_1_170' title='bbox 1520 1594 1575 1646; x_wconf 81' lang='grc' dir='ltr'>δὲ</span> <span class='ocrx_word' id='word_1_171' title='bbox 1594 1596 1721 1662; x_wconf 76' lang='grc' dir='ltr'>μετὰ</span> <span class='ocrx_word' id='word_1_172' title='bbox 1744 1598 1821 1651; x_wconf 91' lang='grc'>80</span> 
     </span>
     <span class='ocr_line' id='line_1_21' title="bbox 142 1671 1721 1742; baseline -0.001 -14"><span class='ocrx_word' id='word_1_173' title='bbox 142 1680 298 1728; x_wconf 88' lang='grc' dir='ltr'>ταῦτα</span> <span class='ocrx_word' id='word_1_174' title='bbox 326 1673 572 1742; x_wconf 76' lang='grc' dir='ltr'>ἐξήλαυνε</span> <span class='ocrx_word' id='word_1_175' title='bbox 598 1677 627 1726; x_wconf 82' lang='grc' dir='ltr'>ὁ</span> <span class='ocrx_word' id='word_1_176' title='bbox 654 1673 850 1740; x_wconf 90' lang='grc' dir='ltr'>Σκύλης</span> <span class='ocrx_word' id='word_1_177' title='bbox 890 1675 942 1729; x_wconf 90' lang='grc' dir='ltr'>ἐς</span> <span class='ocrx_word' id='word_1_178' title='bbox 967 1673 1093 1742; x_wconf 75' lang='grc' dir='ltr'>ἤθεα</span> <span class='ocrx_word' id='word_1_179' title='bbox 1131 1674 1195 1726; x_wconf 82' lang='grc' dir='ltr'>τὰ</span> <span class='ocrx_word' id='word_1_180' title='bbox 1223 1674 1430 1733; x_wconf 74' lang='grc' dir='ltr'>ἑωυτοῦ,</span> <span class='ocrx_word' id='word_1_181' title='bbox 1460 1674 1509 1724; x_wconf 78' lang='grc' dir='ltr'>οἱ</span> <span class='ocrx_word' id='word_1_182' title='bbox 1536 1671 1721 1726; x_wconf 84' lang='grc' dir='ltr'>Σκύθαι</span> 
     </span>
     <span class='ocr_line' id='line_1_22' title="bbox 143 1749 1717 1825; baseline -0.003 -18"><span class='ocrx_word' id='word_1_183' title='bbox 143 1755 558 1825; x_wconf 88' lang='grc' dir='ltr'>προστησάμενοι</span> <span class='ocrx_word' id='word_1_184' title='bbox 574 1754 664 1805; x_wconf 86' lang='grc' dir='ltr'>τὸν</span> <span class='ocrx_word' id='word_1_185' title='bbox 679 1753 938 1820; x_wconf 81' lang='grc' dir='ltr'>ἀδελφεὸν</span> <span class='ocrx_word' id='word_1_186' title='bbox 963 1752 1119 1805; x_wconf 80' lang='grc' dir='ltr'>αὐτοῦ</span> <span class='ocrx_word' id='word_1_187' title='bbox 1138 1749 1543 1819; x_wconf 79' lang='grc' dir='ltr'>Ὀκταμασάδην,</span> <span class='ocrx_word' id='word_1_188' title='bbox 1564 1773 1717 1822; x_wconf 88' lang='grc' dir='ltr'>γεγο-</span> 
     </span>
     <span class='ocr_line' id='line_1_23' title="bbox 145 1826 1768 1902; baseline -0.001 -17"><span class='ocrx_word' id='word_1_189' title='bbox 145 1836 264 1885; x_wconf 89' lang='grc' dir='ltr'>νότα</span> <span class='ocrx_word' id='word_1_190' title='bbox 289 1833 343 1885; x_wconf 89' lang='grc' dir='ltr'>ἐκ</span> <span class='ocrx_word' id='word_1_191' title='bbox 370 1833 460 1898; x_wconf 76' lang='grc' dir='ltr'>τῆς</span> <span class='ocrx_word' id='word_1_192' title='bbox 485 1830 656 1901; x_wconf 87' lang='grc' dir='ltr'>Τήρεω</span> <span class='ocrx_word' id='word_1_193' title='bbox 693 1830 959 1901; x_wconf 84' lang='grc' dir='ltr'>θυγατρὸς,</span> <span class='ocrx_word' id='word_1_194' title='bbox 989 1829 1323 1884; x_wconf 85' lang='grc' dir='ltr'>ἐπανιστέατο</span> <span class='ocrx_word' id='word_1_195' title='bbox 1348 1833 1423 1902; x_wconf 71' lang='grc' dir='ltr'>τῷ</span> <span class='ocrx_word' id='word_1_196' title='bbox 1448 1826 1635 1895; x_wconf 83' lang='grc' dir='ltr'>Σκύλῃ.</span> <span class='ocrx_word' id='word_1_197' title='bbox 1690 1832 1719 1882; x_wconf 84' lang='grc' dir='ltr'><strong><em>ὅ</em></strong></span> <span class='ocrx_word' id='word_1_198' title='bbox 1742 1844 1768 1884; x_wconf 77' lang='lat'>2</span> 
     </span>
     <span class='ocr_line' id='line_1_24' title="bbox 147 1904 1721 1980; baseline -0.003 -17"><span class='ocrx_word' id='word_1_199' title='bbox 147 1911 218 1970; x_wconf 83' lang='grc' dir='ltr'>δέ,</span> <span class='ocrx_word' id='word_1_200' title='bbox 246 1910 418 1977; x_wconf 80' lang='grc' dir='ltr'>μαθὼν</span> <span class='ocrx_word' id='word_1_201' title='bbox 443 1912 503 1962; x_wconf 84' lang='grc' dir='ltr'>τὸ</span> <span class='ocrx_word' id='word_1_202' title='bbox 529 1912 794 1979; x_wconf 85' lang='grc' dir='ltr'>γινόμενον</span> <span class='ocrx_word' id='word_1_203' title='bbox 821 1908 897 1963; x_wconf 82' lang='grc' dir='ltr'>ἐπ’</span> <span class='ocrx_word' id='word_1_204' title='bbox 927 1911 1117 1980; x_wconf 76' lang='grc' dir='ltr'>ἑωυτῷ,</span> <span class='ocrx_word' id='word_1_205' title='bbox 1147 1909 1228 1961; x_wconf 78' lang='grc' dir='ltr'>καὶ</span> <span class='ocrx_word' id='word_1_206' title='bbox 1263 1909 1354 1975; x_wconf 77' lang='grc' dir='ltr'>τὴν</span> <span class='ocrx_word' id='word_1_207' title='bbox 1380 1907 1542 1975; x_wconf 71' lang='grc' dir='ltr'>αἰτίην</span> <span class='ocrx_word' id='word_1_208' title='bbox 1568 1907 1634 1959; x_wconf 84' lang='grc' dir='ltr'>δι’</span> <span class='ocrx_word' id='word_1_209' title='bbox 1660 1904 1721 1974; x_wconf 80' lang='grc' dir='ltr'>ἣν</span> 
     </span>
     <span class='ocr_line' id='line_1_25' title="bbox 147 1981 1768 2058; baseline -0.002 -18"><span class='ocrx_word' id='word_1_210' title='bbox 147 1987 386 2048; x_wconf 87' lang='grc' dir='ltr'>ἐποιέετο,</span> <span class='ocrx_word' id='word_1_211' title='bbox 430 1985 738 2058; x_wconf 84' lang='grc' dir='ltr'>καταφεύγει</span> <span class='ocrx_word' id='word_1_212' title='bbox 774 1987 826 2042; x_wconf 88' lang='grc' dir='ltr'>ἐς</span> <span class='ocrx_word' id='word_1_213' title='bbox 865 1987 957 2055; x_wconf 88' lang='grc' dir='ltr'>τὴν</span> <span class='ocrx_word' id='word_1_214' title='bbox 993 1981 1231 2053; x_wconf 68' lang='grc' dir='ltr'>Θρηίκην.</span> <span class='ocrx_word' id='word_1_215' title='bbox 1274 1987 1557 2054; x_wconf 85' lang='grc' dir='ltr'>πυθόμενος</span> <span class='ocrx_word' id='word_1_216' title='bbox 1597 1985 1654 2038; x_wconf 80' lang='grc' dir='ltr'>δὲ</span> <span class='ocrx_word' id='word_1_217' title='bbox 1690 1989 1718 2037; x_wconf 81' lang='grc' dir='ltr'>ὁ</span> <span class='ocrx_word' id='word_1_218' title='bbox 1743 1997 1768 2036; x_wconf 73' lang='grc'><strong>8</strong></span> 
     </span>
     <span class='ocr_line' id='line_1_26' title="bbox 145 2059 1722 2135; baseline -0.002 -17"><span class='ocrx_word' id='word_1_219' title='bbox 145 2065 527 2133; x_wconf 79' lang='grc' dir='ltr'>Ὀκταμασάδης</span> <span class='ocrx_word' id='word_1_220' title='bbox 553 2069 726 2125; x_wconf 85' lang='grc' dir='ltr'>ταῦτα,</span> <span class='ocrx_word' id='word_1_221' title='bbox 751 2062 1084 2135; x_wconf 75' lang='grc' dir='ltr'>ἐστρατεύετο</span> <span class='ocrx_word' id='word_1_222' title='bbox 1102 2066 1185 2118; x_wconf 82' lang='grc' dir='ltr'>ἐπὶ</span> <span class='ocrx_word' id='word_1_223' title='bbox 1212 2064 1302 2132; x_wconf 84' lang='grc' dir='ltr'>τὴν</span> <span class='ocrx_word' id='word_1_224' title='bbox 1329 2059 1565 2135; x_wconf 77' lang='grc' dir='ltr'>θρηΐκην·</span> <span class='ocrx_word' id='word_1_225' title='bbox 1610 2063 1722 2116; x_wconf 88' lang='grc' dir='ltr'>ἐπεί</span> 
     </span>
     <span class='ocr_line' id='line_1_27' title="bbox 147 2139 1715 2216; baseline -0.003 -20"><span class='ocrx_word' id='word_1_226' title='bbox 147 2165 202 2196; x_wconf 88' lang='grc' dir='ltr'>τε</span> <span class='ocrx_word' id='word_1_227' title='bbox 227 2143 280 2196; x_wconf 81' lang='grc' dir='ltr'>δὲ</span> <span class='ocrx_word' id='word_1_228' title='bbox 309 2144 392 2196; x_wconf 78' lang='grc' dir='ltr'>ἐπὶ</span> <span class='ocrx_word' id='word_1_229' title='bbox 422 2147 494 2216; x_wconf 76' lang='grc' dir='ltr'>τῷ</span> <span class='ocrx_word' id='word_1_230' title='bbox 522 2141 720 2215; x_wconf 78' lang='grc' dir='ltr'>Ἴστρῳ</span> <span class='ocrx_word' id='word_1_231' title='bbox 754 2143 971 2214; x_wconf 88' lang='grc' dir='ltr'>ἐγένετο,</span> <span class='ocrx_word' id='word_1_232' title='bbox 1003 2139 1249 2209; x_wconf 83' lang='grc' dir='ltr'>ἧντίασάν</span> <span class='ocrx_word' id='word_1_233' title='bbox 1282 2163 1369 2210; x_wconf 86' lang='grc' dir='ltr'>μιν</span> <span class='ocrx_word' id='word_1_234' title='bbox 1408 2143 1457 2194; x_wconf 78' lang='grc' dir='ltr'>οἱ</span> <span class='ocrx_word' id='word_1_235' title='bbox 1485 2139 1715 2211; x_wconf 84' lang='grc' dir='ltr'>θρήῒκες.</span> 
     </span>
     <span class='ocr_line' id='line_1_28' title="bbox 147 2218 1769 2291; baseline -0.004 -17"><span class='ocrx_word' id='word_1_236' title='bbox 147 2224 438 2289; x_wconf 85' lang='grc' dir='ltr'>μελλόντων</span> <span class='ocrx_word' id='word_1_237' title='bbox 463 2221 520 2273; x_wconf 76' lang='grc' dir='ltr'>δὲ</span> <span class='ocrx_word' id='word_1_238' title='bbox 557 2222 722 2274; x_wconf 80' lang='grc' dir='ltr'>αὐτῶν</span> <span class='ocrx_word' id='word_1_239' title='bbox 754 2221 1027 2291; x_wconf 78' lang='grc' dir='ltr'>συνάψειν,</span> <span class='ocrx_word' id='word_1_240' title='bbox 1065 2220 1270 2288; x_wconf 75' lang='grc' dir='ltr'>ἔπεμψε</span> <span class='ocrx_word' id='word_1_241' title='bbox 1304 2220 1551 2284; x_wconf 89' lang='grc' dir='ltr'>Σιτάλκης</span> <span class='ocrx_word' id='word_1_242' title='bbox 1583 2218 1720 2286; x_wconf 83' lang='grc' dir='ltr'>παρὰ</span> <span class='ocrx_word' id='word_1_243' title='bbox 1742 2227 1769 2268; x_wconf 69' lang='grc'><strong>4</strong></span> 
     </span>
     <span class='ocr_line' id='line_1_29' title="bbox 148 2293 1718 2368; baseline -0.003 -16"><span class='ocrx_word' id='word_1_244' title='bbox 148 2301 234 2352; x_wconf 84' lang='grc' dir='ltr'>τὸν</span> <span class='ocrx_word' id='word_1_245' title='bbox 257 2299 660 2366; x_wconf 83' lang='grc' dir='ltr'>Ὀκταμασάδην,</span> <span class='ocrx_word' id='word_1_246' title='bbox 690 2298 860 2368; x_wconf 85' lang='grc' dir='ltr'>λέγων</span> <span class='ocrx_word' id='word_1_247' title='bbox 893 2299 1081 2351; x_wconf 81' lang='grc' dir='ltr'>τοιάδε·</span> <span class='ocrx_word' id='word_1_248' title='bbox 1130 2303 1165 2324; x_wconf 86' lang='grc'><strong>“</strong></span> <span class='ocrx_word' id='word_1_249' title='bbox 1185 2298 1247 2351; x_wconf 89' lang='grc' dir='ltr'>Τί</span> <span class='ocrx_word' id='word_1_250' title='bbox 1272 2298 1351 2349; x_wconf 83' lang='grc' dir='ltr'>δεῖ</span> <span class='ocrx_word' id='word_1_251' title='bbox 1375 2294 1528 2364; x_wconf 85' lang='grc' dir='ltr'>ἡμέας</span> <span class='ocrx_word' id='word_1_252' title='bbox 1554 2293 1718 2362; x_wconf 79' lang='grc' dir='ltr'>ἀλλή-</span> 
     </span>
     <span class='ocr_line' id='line_1_30' title="bbox 149 2372 1721 2446; baseline -0.001 -16"><span class='ocrx_word' id='word_1_253' title='bbox 149 2381 252 2430; x_wconf 88' lang='grc' dir='ltr'>λων</span> <span class='ocrx_word' id='word_1_254' title='bbox 275 2376 604 2446; x_wconf 83' lang='grc' dir='ltr'>πειρηθῆναι;</span> <span class='ocrx_word' id='word_1_255' title='bbox 649 2372 720 2431; x_wconf 77' lang='grc' dir='ltr'>εἷς</span> <span class='ocrx_word' id='word_1_256' title='bbox 759 2376 852 2442; x_wconf 91' lang='grc' dir='ltr'>μέν</span> <span class='ocrx_word' id='word_1_257' title='bbox 876 2379 971 2444; x_wconf 84' lang='grc' dir='ltr'>μεῦ</span> <span class='ocrx_word' id='word_1_258' title='bbox 998 2378 1089 2443; x_wconf 88' lang='grc' dir='ltr'>τῆς</span> <span class='ocrx_word' id='word_1_259' title='bbox 1126 2375 1386 2443; x_wconf 79' lang='grc' dir='ltr'>ἀδελφεῆς</span> <span class='ocrx_word' id='word_1_260' title='bbox 1417 2376 1554 2434; x_wconf 84' lang='grc' dir='ltr'>παῖς,</span> <span class='ocrx_word' id='word_1_261' title='bbox 1585 2374 1721 2441; x_wconf 77' lang='grc' dir='ltr'>ἔχεις</span> 
     </span>
     <span class='ocr_line' id='line_1_31' title="bbox 151 2451 1767 2523; baseline -0.004 -15"><span class='ocrx_word' id='word_1_262' title='bbox 151 2455 205 2508; x_wconf 87' lang='grc' dir='ltr'>δέ</span> <span class='ocrx_word' id='word_1_263' title='bbox 240 2476 332 2522; x_wconf 91' lang='grc' dir='ltr'>μευ</span> <span class='ocrx_word' id='word_1_264' title='bbox 367 2454 642 2523; x_wconf 79' lang='grc' dir='ltr'>ἀδελφεόν.</span> <span class='ocrx_word' id='word_1_265' title='bbox 701 2451 770 2507; x_wconf 89' lang='grc' dir='ltr'>σύ</span> <span class='ocrx_word' id='word_1_266' title='bbox 805 2453 849 2505; x_wconf 83' lang='grc' dir='ltr'>τ’</span> <span class='ocrx_word' id='word_1_267' title='bbox 889 2455 1001 2522; x_wconf 74' lang='grc' dir='ltr'>ἐμοὶ</span> <span class='ocrx_word' id='word_1_268' title='bbox 1037 2453 1227 2508; x_wconf 90' lang='grc' dir='ltr'>άπόδος</span> <span class='ocrx_word' id='word_1_269' title='bbox 1262 2457 1463 2513; x_wconf 85' lang='grc' dir='ltr'>τοῦτον,</span> <span class='ocrx_word' id='word_1_270' title='bbox 1499 2453 1579 2504; x_wconf 79' lang='grc' dir='ltr'>καὶ</span> <span class='ocrx_word' id='word_1_271' title='bbox 1619 2452 1719 2521; x_wconf 84' lang='grc' dir='ltr'>ἐγὼ</span> <span class='ocrx_word' id='word_1_272' title='bbox 1742 2460 1767 2500; x_wconf 72' lang='grc'><strong><em>8</em></strong></span> 
     </span>
     <span class='ocr_line' id='line_1_32' title="bbox 157 2528 1721 2603; baseline -0.001 -17"><span class='ocrx_word' id='word_1_273' title='bbox 157 2535 235 2586; x_wconf 80' lang='grc' dir='ltr'>τοὶ</span> <span class='ocrx_word' id='word_1_274' title='bbox 268 2534 355 2586; x_wconf 82' lang='grc' dir='ltr'>τὸν</span> <span class='ocrx_word' id='word_1_275' title='bbox 395 2533 492 2586; x_wconf 85' lang='grc' dir='ltr'>σὸν</span> <span class='ocrx_word' id='word_1_276' title='bbox 517 2529 714 2599; x_wconf 87' lang='grc' dir='ltr'>Σκύλην</span> <span class='ocrx_word' id='word_1_277' title='bbox 751 2531 1089 2603; x_wconf 85' lang='grc' dir='ltr'>παραδίδωμι·</span> <span class='ocrx_word' id='word_1_278' title='bbox 1146 2533 1359 2602; x_wconf 79' lang='grc' dir='ltr'>στρατιῇ</span> <span class='ocrx_word' id='word_1_279' title='bbox 1396 2531 1451 2584; x_wconf 79' lang='grc' dir='ltr'>δὲ</span> <span class='ocrx_word' id='word_1_280' title='bbox 1486 2528 1616 2600; x_wconf 86' lang='grc' dir='ltr'>μήτε</span> <span class='ocrx_word' id='word_1_281' title='bbox 1652 2531 1721 2585; x_wconf 73' lang='grc' dir='ltr'>σὺ</span> 
     </span>
    </p>
   </div>
  </div>
 </body>
</html>
