1975 2892
686 153 1170 202 ΘΑΛΕΙΑ.--ιιι.
1207 167 1308 214 1-3.
1677 150 1790 204 221

214 216 276 254 01.
298 215 360 256 68
376 213 435 260 3.]

217 266 506 332 ἀποπέμπει
548 265 600 319 ἐς
645 263 854 334 Πέρσας
900 266 969 320 ὧς
1015 267 1205 318 ἑωυτοῦ
1244 266 1513 338 θυγατέρα.
1573 266 1703 336 μετὰ
1745 266 1842 324 δεῚ

216 345 405 412 χρόνον
450 342 519 397 ὥς
562 363 649 409 μιν
692 340 971 434 ἠσπάζετο,
1014 343 1268 414 πατρόθεν
1307 345 1614 413 οὗνομάζων,
1655 344 1800 415 λέγει

215 421 347 490 πρὸς
378 419 531 472 αὐτὸν
562 419 592 487 ἦ
626 423 761 474 παῖς·
847 409 943 473 ’Ὠ
980 424 1226 486 βασιλεῦ,
1259 422 1662 492 διαβεβλημένος
1700 423 1800 476 ὑπὸ
1817 437 1842 478 8

216 496 466 566 Ἀμάσιος
490 499 552 550 οὔ
576 497 859 566 μανθάνεις,
891 497 1003 554 ὅς’
974 500 1064 567 εμέ
1090 520 1178 552 σοι
1210 500 1388 571 κόσμῳ
1413 499 1648 568 ἀσκήσας
1673 501 1799 554 ἀπέ-

216 576 413 646 πεμψε,
445 577 512 632 ὧς
539 578 729 629 ἑωυτοῦ
766 576 1018 648 θυγατέρα
1054 577 1241 639 διδους,
1270 578 1459 631 ἐοῦσαν
1485 580 1547 646 τῇ
1582 573 1799 646 ἀληθηΐῃ

214 652 454 724 Ἀπρίεω·
503 656 593 708 τὸν
628 655 831 716 ἐκεῖνος,
862 655 1008 708 ἐόντα
1043 657 1234 709 ἑωυτοῦ
1274 657 1543 717 δεσπότεα,
1570 655 1678 724 μετ’
1707 657 1796 709 Αἷ-

214 732 445 804 γυπτίων
469 733 775 794 ἐπαναστὰς,
806 733 1078 830 ἐφόνευσε.
1085 731 1119 752 ”
1199 738 1362 788 Τοῦτο
1396 734 1458 802 δὴ
1484 735 1544 787 τὸ
1571 735 1694 790 ἔπος
1719 735 1800 790 καὶ
1819 749 1843 789 9

214 807 340 877 αὕτη
376 809 405 876 ἦ
440 810 574 878 αἶτίη
616 810 915 881 ἐγγενομένη
954 814 1118 884 ἤγαγε
1157 810 1442 882 Καμβυσεα
1479 814 1570 866 τὸν
1609 810 1797 884 Κύρου,

215 890 454 959 μεγάλως
493 888 802 957 θυμωθέντα,
842 889 918 944 ἐπ’
960 888 1237 962 Αἴγυπτον.
1287 888 1420 944 οὕτω
1453 891 1548 960 μέν
1587 913 1677 946 νυν
1709 893 1788 944 λε·

214 987 373 1037 γουσι
397 967 617 1038 Πέρσαι.
779 966 1050 1039 Αἰγύπτιοι
1075 969 1132 1022 δε
1159 968 1456 1036 οἶκηῖεῦνται
1493 968 1795 1038 Καμβυσεα,
1819 967 1856 1018 2

216 1044 441 1114 φάμενοί
478 1066 565 1113 μιν
591 1045 647 1098 ἐκ
674 1043 857 1113 ταύτης
892 1046 953 1114 δὴ
986 1049 1078 1115 τῆς
1111 1046 1330 1118 Ἀπρίεω
1367 1047 1618 1118 θυγατρὸς
1653 1046 1796 1118 γενέ-

219 1123 362 1175 σθαι·
406 1125 575 1194 Κῦρον
598 1123 699 1194 γὰρ
727 1119 851 1177 εἶναι
878 1127 967 1178 τὸν
990 1125 1270 1194 πέμψαντα
1293 1125 1434 1196 παρὰ
1460 1123 1690 1192 Ἀμασιν
1717 1125 1800 1178 ἐπὶ

216 1201 310 1268 τὴν
352 1200 619 1272 θυγατέρα,
662 1200 783 1255 ἀλλ’
820 1203 881 1255 οῦ
918 1200 1220 1272 Καμβύσεα·
1245 1202 1486 1274 λέγοντες
1525 1204 1582 1256 δὲ
1622 1206 1796 1263 ταῦτα,

216 1279 310 1331 οὐκ
349 1279 513 1350 ὀρθῶς
557 1278 796 1350 λέγουσι.
860 1280 921 1333 οὔ
959 1281 1060 1349 μὴν
1103 1281 1221 1334 οὐδὲ
1258 1281 1457 1349 λέληθε
1495 1280 1694 1342 αὐτοὺς,
1729 1278 1800 1347 (εἷ
1817 1291 1843 1332 2

214 1359 319 1428 γάρ
344 1379 475 1412 τινες
500 1357 581 1410 καὶ
608 1359 781 1419 ἄλλοι,
810 1359 873 1411 τὰ
898 1362 1148 1430 Περσέων
1167 1360 1350 1426 νόμιμα
1375 1357 1540 1429 ὀρθῶς
1559 1358 1796 1412 ἐπιστέα-

214 1455 302 1488 ται
328 1436 409 1488 καὶ
440 1433 754 1506 Αίγύπτιοι,)
785 1435 865 1490 ὅτι
904 1441 1084 1507 πρῶτα
1123 1436 1216 1503 μὲν
1240 1435 1389 1489 νόθον
1419 1437 1483 1489 οὔ
1517 1436 1622 1504 σφι
1649 1438 1800 1503 νόμος

218 1513 335 1566 ἐστὶ
360 1516 694 1578 βασιλεῦσαι,
715 1513 933 1585 γνησίου
951 1516 1243 1585 παρεόντος·
1284 1511 1426 1569 αὖτις
1451 1513 1526 1574 δὲ,
1549 1513 1627 1566 ὅτι
1655 1521 1798 1566 Κασ·

218 1592 471 1658 σανδάνης
496 1594 585 1660 τῆς
616 1593 933 1664 Φαρνάσπεω
970 1591 1222 1662 θυγατρὸς
1251 1588 1312 1658 ἦν
1335 1594 1456 1647 παῖς
1497 1590 1798 1660 Καμβύσης,

215 1669 402 1739 ἀνδρὸς
433 1668 812 1739 Ἀχαιμενίδεω,
842 1666 963 1724 ἀλλ’
990 1671 1082 1723 οὐκ
1109 1671 1164 1723 ἐκ
1198 1671 1289 1738 τῆς
1323 1669 1620 1741 Αἷγυπτίης.
1663 1671 1803 1724 ἀλλὰ

215 1747 604 1818 παρατρέπουσι
634 1750 724 1802 τὸν
748 1750 927 1820 λόγον,
954 1746 1389 1819 προσποιεύμενοι
1429 1753 1492 1817 τῇ
1529 1746 1698 1819 Κύρου
1724 1748 1798 1801 οῖ·

218 1825 303 1894 κίῃ
324 1827 596 1897 συγγενέες
615 1822 758 1880 εἶναι.
803 1827 885 1880 καὶ
911 1831 1070 1880 ταῦτα
1095 1827 1188 1896 μέν
1215 1827 1312 1880 ὧδε
1331 1827 1458 1895 ἔχει.
1591 1827 1802 1898 Λέγεται
1827 1826 1863 1880 3

218 1905 278 1958 δὲ
312 1905 395 1958 καὶ
431 1905 519 1958 ὅδε
545 1908 575 1958 ὁ
599 1907 776 1976 λόγος,
806 1905 919 1973 ἐμοὶ
952 1905 1048 1973 μὲν
1071 1907 1132 1959 οὔ
1162 1905 1394 1960 πιθανός·
1437 1906 1506 1961 ὥς
1539 1911 1641 1960 τῶν
1666 1914 1800 1976 Περ·

216 1983 383 2036 σίδων
406 1988 655 2053 γυναικῶν
674 1983 970 2037 ἐσελθοῦσά
989 2005 1068 2039 τις
1086 1985 1225 2056 παρὰ
1243 1983 1334 2038 τὰς
1355 1982 1528 2056 Κύρου
1544 1987 1801 2056 γυναῖκας,

218 2061 290 2115 ὡς
316 2057 419 2114 εἶδε
444 2065 505 2129 τῇ
537 2063 877 2129 Κασσανδάνῃ
897 2068 1231 2132 παρεστεῶτα
1249 2062 1398 2116 τέκνα
1423 2063 1615 2116 εὐειδέα
1639 2083 1696 2115 τε
1724 2062 1806 2115 καὶ

217 2141 439 2210 μεγάλα,
482 2143 669 2212 πολλῷ
710 2140 899 2210 ἐχρᾶτο
939 2144 1012 2212 τῷ
1064 2140 1270 2213 ἐπαίνῳ,
1313 2140 1800 2210 ῦπερθωυμάζουσα.

218 2215 253 2284 ἡ
294 2217 350 2270 δὲ
390 2219 751 2286 Κασσανδάνη,
787 2218 949 2271 εὀῦσα
987 2221 1082 2272 τοῦ
1123 2217 1292 2289 Κύρου
1330 2218 1475 2288 γυνὴ,
1513 2213 1624 2272 εἷπε
1663 2217 1800 2270 τάδε.
1827 2224 1854 2264 2

222 2298 262 2322 ‘⁸
280 2297 497 2349 Τοιῶνδε
534 2295 707 2364 μέντοι
745 2295 835 2364 ε’μέ
874 2295 1070 2350 παίδων
1101 2296 1294 2366 μητέρα
1329 2295 1518 2348 έοῦσαν
1543 2299 1710 2366 Κῦρος
1751 2295 1806 2347 ἐν
1827 2301 1852 2342 8

217 2371 393 2441 ἀτιμίῃ
422 2375 547 2444 ἔχει·
592 2374 683 2442 τὴν
710 2371 757 2428 δ’
787 2372 873 2428 ἀπ’
901 2373 1165 2445 Αἰγύπτου
1199 2373 1466 2441 ἐπίκτητον
1493 2373 1547 2427 έν
1571 2374 1692 2442 τιμῇ
1725 2372 1805 2426 τί·

218 2448 425 2504 θεται.”
504 2452 609 2520 Τὴν
644 2452 755 2520 μὲν,
784 2451 1071 2521 ἀχθομένην
1105 2453 1168 2520 τῇ
1200 2450 1398 2520 Νιτήτι,
1429 2451 1587 2506 εἰπεῖν
1627 2455 1801 2505 ταῦτα·
1827 2453 1854 2495 4

217 2534 325 2583 τῶν
358 2529 419 2583 δέ
457 2531 507 2583 οἱ
548 2530 745 2584 παίδων
778 2532 869 2583 τὸν
905 2529 1266 2602 πρεσβύτερον
1301 2529 1460 2584 «ln-etv
1499 2527 1804 2599 Καμβύσεα·

222 2611 261 2634 “
280 2609 471 2680 Τοιγάρ
510 2629 609 2670 τοι,
639 2607 679 2661 ὦ
704 2610 881 2680 μῆτερ,
911 2609 1065 2663 ε’πεὰν
1091 2609 1192 2682 ἐγὼ
1230 2610 1452 2680 γένωμαι
1475 2609 1620 2680 ἀνὴρ,
1649 2605 1804 2681 Alyb-
1829 2605 1855 2648 ὅ
