1975 2892
92 189 166 229 01
187 188 252 229 ω
271 187 334 236 4]
451 125 1359 185 MEAHOMENH.—1v.1o-13.
1578 119 1697 173 313

99 242 326 307 ἐπίδοξα
368 242 762 308 καταλαμβάνει.
823 242 891 297 ὧς
933 242 989 295 δὲ
1030 242 1175 308 δόξαι
1216 244 1321 312 σφι
1362 245 1538 304 ταῦτα,
1582 244 1687 297 δια·
1711 262 1737 304 σ

101 322 352 379 στάντας,
382 318 464 370 καὶ
500 316 764 389 ἀριθμὸν*
741 340 888 374 ισους
921 320 1241 389 γενομένους,
1270 321 1531 389 μάχεσθαι
1566 325 1696 392 πρὸς

101 394 396 463 ἀλλήλους·
439 397 520 449 καὶ
557 396 676 451 τοὺς
710 397 820 463 μὲν,
849 396 1195 452 ἀποθανόντας
1228 400 1420 453 πάντας
1456 398 1541 452 ὑπ’
1569 402 1693 452 ἑωυ-

101 479 228 534 τῶν,
274 473 442 543 θάψαι
489 476 578 527 τὸν
619 474 780 542 δῆμον
819 480 920 527 τῶν
960 474 1251 545 Κιμμερίων
1287 476 1426 544 παρὰ
1465 480 1696 545 ποταμὸν

103 549 294 622 Τύρην·
340 552 424 604 καί
459 552 642 621 σφεων
667 554 742 605 ἔτι
777 553 934 620 δῆλός
970 553 1085 605 ε’στι
1122 556 1151 606 ὁ
1187 554 1374 622 τάφος.
1425 553 1693 624 θάψαντας
1715 570 1739 613 r

105 630 184 690 δὲ,
216 626 350 682 οὕτω
378 629 470 697 τὴν
495 630 675 696 ἔξοδον
701 630 756 683 ἐκ
782 633 872 697 τῆς
895 632 1068 701 χώρης
1093 630 1377 685 ποιέεσθαι·
1419 630 1611 687 Σκύθας
1639 634 1694 686 δὲ

106 708 440 769 ἐπελθόντας,
480 709 664 771 λαβεῖν
709 706 897 779 ε’ρῆμην
935 709 1026 776 τὴν
1064 710 1257 779 χώρην.
1468 711 1565 763 Καὶ
1606 715 1694 765 νῦν
1724 716 1793 768 12

107 786 228 838 ἔστι
268 787 362 853 μὲν
401 786 458 839 έν
495 791 557 854 τῇ
584 786 798 854 Σκυθικῇ
828 789 1079 857 Κιμμέρια
1104 788 1295 856 τείχεα,
1326 788 1440 841 ἔστι
1468 789 1523 841 δὲ
1552 796 1691 860 Πορ-

111 861 268 930 θμῆῖα
309 864 575 935 Κιμμέρια·
633 866 748 918 ἔστι
789 865 844 918 δὲ
885 866 967 918 καὶ
1006 867 1148 936 χώρη
1190 868 1380 934 οὔνομα
1420 868 1689 938 Κιμμερίη·

107 942 227 994 ἔστι
264 942 320 995 δὲ
347 945 634 1013 Βόσπορος,
665 943 940 1013 Κιμμέριος
974 946 1296 1011 καλεόμενος.
1340 944 1609 1014 φαίνονται
1637 946 1693 999 δὲ
1716 962 1742 1001 2

113 1017 167 1069 οἱ
208 1018 491 1085 Κιμμέριοι,
536 1016 816 1086 φεύγοντες
859 1017 912 1072 ές
955 1017 1049 1084 τὴν
1092 1016 1275 1084 Ἀσίην
1316 1018 1434 1073 τοὺς
1480 1019 1687 1078 Σκύθας,

103 1097 188 1149 καὶ
215 1096 308 1164 τὴν
327 1096 683 1163 χερσόννησον
716 1096 997 1157 κτίσαντες,
1025 1096 1079 1149 έν
1104 1100 1165 1164 τῇ
1202 1100 1291 1149 νῦν
1317 1099 1511 1165 Σινώπη
1538 1100 1693 1153 πόλις

108 1174 304 1228 Ἑλλὰς
343 1170 583 1225 οἴκισται.
639 1173 854 1243 φανεροὶ
893 1171 951 1225 δέ
989 1172 1095 1224 εἶσι
1134 1172 1217 1225 καὶ
1255 1173 1305 1224 οἱ
1345 1171 1529 1225 Σκύθαι
1570 1174 1687 1226 διώ·
1716 1184 1743 1225 ⁸

112 1252 290 1318 ξαντες
333 1250 534 1311 αὐτοὺς,
577 1251 659 1304 καὶ
705 1251 1022 1314 ἐσβαλόντες
1068 1250 1119 1304 ές
1162 1252 1259 1319 γῆν
1304 1250 1395 1317 τὴν
1442 1250 1688 1317 Μηδικὴν,

111 1331 419 1399 ἁμαρτόντες
457 1330 546 1396 τῆς
584 1329 727 1381 ὁδοῦ.
783 1329 833 1381 οἱ
871 1329 965 1396 μὲν
1003 1328 1104 1398 γὰρ
1145 1328 1411 1397 Κιμμέριοι
1457 1328 1555 1379 αἰεὶ
1600 1328 1693 1394 τὴν
1714 1338 1742 1378 4

111 1407 250 1476 παρὰ
290 1406 564 1460 θάλασσαν
604 1407 846 1478 ἔφευγον·
895 1406 945 1458 οἱ
986 1406 1043 1458 δὲ
1084 1402 1285 1466 Σκύθαι,
1326 1406 1380 1457 ἐν
1419 1404 1559 1471 δεξιῇ
1602 1406 1692 1457 τὸν

113 1481 386 1538 Καύκασον
411 1486 632 1553 ἔχοντες,
662 1484 889 1538 ε’δίωκον.
933 1483 987 1537 ἐς
1014 1481 1043 1535 ὃ
1076 1482 1335 1545 ἐσέβαλον
1370 1482 1423 1536 ές
1457 1482 1549 1549 τὴν
1576 1490 1689 1548 Μη-

114 1562 255 1629 δικὴν
277 1564 392 1633 γῆν,
423 1563 474 1617 ἐς
498 1565 780 1633 μεσόγαιαν
805 1562 896 1629 τῆς
932 1561 1056 1614 ὀδοῦ
1081 1560 1415 1629 τραφθέντες.
1460 1558 1609 1614 οὗτος
1636 1561 1692 1613 δὲ

111 1641 276 1695 ἄλλος
301 1638 729 1708 ξυνὸςἚλλήνων
743 1660 800 1693 τε
826 1640 909 1692 καὶ
922 1639 1205 1709 βαρβάρων
1228 1640 1507 1709 λεγόμενος
1531 1640 1691 1709 λόγος

115 1739 161 1771 ει
225 1738 324 1771 ται.

159 1738 332 1870 ρηΕφη
378 1798 433 1852 δε
478 1796 747 1869 Ἀριστέης
792 1798 822 1847 ὁ
869 1794 1250 1865 Καυστροβίου,
1292 1791 1417 1863 ἀνὴρ
1463 1801 1689 1862 Προκον-
1723 1786 1797 1842 13

117 1872 307 1941 νῆσιος,
341 1873 528 1927 ποιέων
567 1874 708 1934 ἔπεα,
745 1872 1021 1926 α’πικέσθαι
1062 1871 1115 1925 ές
1146 1869 1468 1935 Ἰσσηδόνας,
1499 1870 1692 1939 φοιβό-

115 1954 346 2020 λαμπτος
369 1954 656 2023 γενόμενος·
700 1950 1019 2017 Ἰσσηδόνων
1052 1950 1110 2002 δε
1146 1948 1457 2019 ὑπεροικέειν
1480 1946 1693 2018 Ἀριμα-

121 2029 300 2089 σποὺς,
342 2029 526 2098 ἄνδρας
563 2028 1019 2098 μουνοφθάλμους·
1068 2027 1199 2097 ὑπὲρ
1240 2028 1297 2081 δὲ
1336 2024 1547 2087 τούτων,
1576 2026 1696 2080 τοὺς

116 2105 523 2178 χρυσοφύλακας
558 2105 777 2177 Γρύπας·
821 2104 1017 2159 τούτων
1055 2105 1130 2166 δὲ,
1160 2103 1279 2159 τοὺς
1303 2103 1693 2173 Ὑπερβορέους,

119 2184 418 2253 κατήκοντας
464 2184 549 2238 ἐπὶ
595 2186 889 2239 θάλασσαν.
952 2180 1165 2238 τούτους
1211 2182 1282 2235 ὧν
1324 2183 1516 2235 πάντας
1559 2180 1697 2246 πλὴν
1719 2192 1745 2232 2

117 2262 484 2334 Ὑπερβορέων,
513 2262 774 2333 ἀρξάντων
797 2260 1152 2332 Ἀριμασπῶν,
1180 2259 1279 2312 αῖεὶ
1304 2261 1444 2311 τοῖσι
1470 2260 1694 2323 πλησιο-

117 2343 337 2412 χώροισι
384 2340 722 2395 ἐπιτίθεσθαι·
782 2340 864 2392 καὶ
909 2340 1010 2393 ὑπὸ
1056 2339 1149 2407 μὲν
1190 2340 1523 2407 Ἀριμασπῶν
1568 2334 1695 2401 ἔξω·

122 2418 325 2473 θέεσθαι
360 2418 416 2471 ἐκ
450 2420 541 2487 τῆς
573 2421 745 2490 χώρης
770 2417 1094 2485 Ἰσσηδόνας·
1138 2416 1238 2469 υπὸ
1279 2415 1335 2468 δε
1361 2413 1696 2480 Ἰσσηδόνων,

121 2496 326 2553 Σκύθας·
359 2497 665 2569 Κιμμερίους
691 2497 766 2558 δε,
785 2496 1041 2551 οἰκέοντας
1068 2495 1151 2549 ἐπὶ
1176 2495 1239 2562 τῇ
1266 2493 1406 2561 νοτίῃ
1430 2492 1694 2558 θαλάσσῃ,

124 2575 220 2631 ὑπὸ
245 2574 472 2631 Σκυθέων
495 2574 839 2644 πιεζομένους,
870 2574 1123 2629 ἐκλείπειν
1147 2572 1240 2641 τὴν
1272 2573 1464 2645 χώρην.
1550 2567 1697 2625 Ουτω
1713 2580 1744 2627 3
