1975 2892
283 90 352 145 10
866 108 1273 154 ΗΡοΔοΤοΥ

1624 167 1695 213 [A.
1712 167 1756 206 c.
1778 167 1867 208 σιτ.

275 217 544 282 βιώμενον,
574 219 751 286 ἅψατο
783 224 906 287 νηοῦ
936 219 1221 289 Ἀθηναίης,
1252 222 1525 288 ἐπίκλησιν
1550 221 1867 288 Ἀσσησίης.

180 303 260 354 228
279 301 464 370 ἁφθεὶς
509 299 564 352 δέ
608 306 637 355 ὁ
681 303 799 368 νηὸς
827 301 1131 368 κατεκαύθη.
1215 303 1298 354 καὶ
1344 301 1406 354 τὸ
1450 303 1733 370 παραυτίκα
1780 302 1877 369 μὲν

281 378 436 446 λόγος
476 378 642 433 οὐδεὶς
683 379 900 449 ἐγένετο·
982 381 1111 447 μετὰ
1151 380 1225 440 δὲ,
1269 382 1358 447 τῆς
1400 381 1645 450 στρατιῆς
1686 380 1868 433 ἀπικο-

183 514 190 520 ,
234 464 261 506 4
277 455 426 522 μένης
455 455 506 510 ἐς
543 457 741 527 Σάρδις,
773 457 993 524 ἐνόσησε
1025 461 1054 509 ὁ
1081 456 1383 524 Ἀλυάττης.
1467 459 1780 527 μακροτέρης
1812 456 1873 510 δέ

277 534 326 585 οἱ
346 534 617 603 γενομένης
636 536 726 603 τῆς
747 533 954 595 νούσου,
977 535 1167 603 πέμπει
1189 536 1240 590 ἐς
1262 535 1507 605 Δελφοὺς
1528 535 1868 605 θεοπρόπους,

279 608 379 664 εἴτε
407 612 467 680 δὴ
497 610 989 680 συμβουλεύσαντός
1016 635 1121 674 τευ,
1154 611 1253 666 εἴτε
1282 613 1363 666 καὶ
1391 615 1528 686 αὐτῷ
1554 614 1704 680 ἔδοξε
1730 613 1866 681 πέμ-

236 703 260 742 6
279 690 453 759 ψαντα
479 692 569 743 τὸν
606 690 722 743 θεὸν
748 691 1042 761 ε’πείρεσθαι
1068 693 1187 760 περὶ
1224 695 1313 760 τῆς
1339 690 1549 745 νούσου.
1632 695 1773 744 τοῖσι
1810 693 1869 746 δὲ

277 766 308 834 ἦ
363 767 528 836 Πυθίη
569 768 923 836 ἀπικομένοισι
964 770 1017 824 ἐς
1057 770 1301 840 Δελφοὺς
1340 772 1432 823 οὐκ
1472 771 1574 840 ἔφη
1626 767 1868 838 χρήσειν,

277 846 400 916 πρὶν
438 844 468 914 ἢ
509 847 600 898 τὸν
637 848 758 913 νηὸν
797 849 888 914 τῆς
924 847 1193 916 Ἀθηναίης
1232 849 1591 918 ἀνορθώσωσι,
1628 850 1719 902 τὸν
1758 848 1867 902 ε’νέ·

178 929 257 982 20
279 945 483 993 πρησαν
523 925 694 994 χώρης
735 927 825 993 τῆς
865 927 1130 992 Μιλησίης
1156 927 1210 979 ἐν
1248 925 1521 1001 Ἀσσησῷ.
1730 928 1869 980 Δελ-

233 1015 259 1054 2
279 1004 397 1072 φῶν
437 997 550 1055 οἶδα
591 1002 691 1072 ἐγὼ
732 1001 865 1056 οὕτω
905 1002 1133 1060 ἀκούσας
1170 1005 1432 1072 γενέσθαι.
1516 1003 1771 1072 Μιλήσιοι
1810 1006 1870 1058 δὲ

279 1081 399 1133 τάδε
425 1080 756 1149 προστιθεῖσι
783 1079 1034 1135 τούτοισι·
1119 1084 1432 1155 Περίανδρον
1458 1085 1548 1136 τὸν
1586 1084 1868 1153 Κυψέλου,

281 1159 428 1211 ε’όντα
455 1157 814 1232 Θρασυβούλῳ
841 1165 914 1232 τῷ
945 1163 1062 1213 τότε
1099 1160 1336 1229 Μιλήτου
1372 1158 1722 1232 τυραννεύοντι
1760 1161 1866 1228 ξεῖ-

281 1259 367 1289 νον
409 1237 461 1290 ἐς
504 1237 569 1289 τὰ
609 1238 857 1304 μάλιστα,
897 1238 1183 1306 πυθόμενον
1224 1241 1283 1292 τὸ
1330 1239 1647 1310 χρηστήριον
1691 1241 1751 1293 τὸ
1793 1244 1869 1313 τῷ

281 1313 532 1381 Ἀλυάττῃ
559 1316 847 1385 γενόμενον,
877 1317 1156 1387 πέμψαντα
1182 1317 1406 1388 ἄγγελον
1438 1320 1704 1378 κατειπεῖν,
1736 1316 1869 1374 ὅκως

241 1391 342 1448 ὃᾶν
376 1414 426 1446 τι
456 1394 706 1464 προειδὼς
735 1395 864 1463 πρὸς
890 1396 950 1446 τὸ
977 1398 1167 1466 παρεὸν
1196 1395 1527 1462 βουλεύηται.
1612 1393 1870 1463 Μιλήσιοι

187 1469 258 1522 21
281 1472 372 1539 μέν
399 1493 486 1526 νυν
513 1469 646 1524 οὕτω
671 1469 890 1541 λέγουσι
923 1473 1183 1542 γενέσθαι.
1392 1474 1675 1542 Ἀλυάττης
1700 1475 1775 1538 δὲ,
1799 1476 1871 1530 ὥς

280 1551 331 1602 οἷ
357 1554 516 1604 ταῦτα
543 1550 854 1621 ἐξαγγέλθη,
885 1551 1065 1604 αὐτίκα
1091 1553 1283 1620 ἔπεμπε
1309 1551 1499 1623 κήρυκα
1525 1553 1578 1608 ἐς
1611 1553 1866 1619 Μίλητον,

281 1631 597 1697 βουλόμενος
637 1630 866 1685 σπονδὰς
909 1627 1230 1697 ποιήσασθαι
1284 1630 1647 1704 Θρασυβούλῳ
1686 1653 1742 1684 τε
1784 1633 1869 1686 καὶ

239 1722 264 1761 2
283 1707 594 1773 Μιλησίοισι
628 1710 816 1777 χρόνον
851 1707 979 1761 ὅσον
1014 1708 1077 1760 ἂν
1112 1710 1200 1762 τὸν
1226 1711 1343 1776 νηὸν
1374 1709 1635 1778 οἰκοδομῇ.
1718 1713 1747 1762 ὁ
1772 1711 1870 1778 μὲν

282 1785 343 1851 δὴ
390 1785 683 1840 ἀπόστολος
727 1786 779 1841 ἐς
822 1786 913 1853 τὴν
961 1787 1195 1854 Μίλητον
1219 1785 1297 1854 ἦν·
1384 1787 1761 1859 Θρασύβουλος
1808 1789 1868 1842 δὲ

284 1862 498 1930 σαφέως
548 1865 974 1932 προπεπυσμένος
1026 1867 1191 1919 πάντα
1241 1869 1419 1938 λόγον,
1476 1869 1557 1920 καὶ
1610 1867 1755 1920 εἰδὼς
1801 1867 1870 1920 τὰ

243 1938 561 2007 δἈλυάττης
587 1941 774 2009 μέλλοι
799 1940 1054 2010 ποιήσειν,
1083 1948 1367 2013 μηχανᾶται
1394 1946 1579 1998 τοιάδε.
1650 1944 1778 1999 ὅσος
1804 1943 1871 2012 ἦν

283 2017 336 2072 ἐν
362 2019 434 2090 τῷ
459 2018 610 2072 ἄστεϊ
635 2022 780 2074 σῖτος
801 2021 884 2073 καὶ
911 2022 1102 2074 ἑωυτοῦ
1129 2024 1211 2076 καὶ
1238 2023 1505 2083 ἰδιωτικὸς,
1527 2027 1710 2076 τοῦτον
1734 2025 1866 2077 πάν·

283 2118 347 2149 τα
375 2096 697 2166 συγκομίσας
724 2098 776 2152 ἐς
802 2098 893 2166 τὴν
919 2099 1127 2169 ἀγορὴν,
1149 2104 1362 2171 προεῖπε
1390 2102 1721 2169 Μιλησίοισι,
1744 2101 1866 2154 ἐπε-

283 2175 344 2228 ὰν
370 2175 522 2230 αὐτὸς
559 2174 776 2244 σημήνῃ,
807 2180 924 2230 τότε
949 2178 1113 2231 πίνειν
1138 2201 1195 2231 τε
1228 2181 1419 2235 πάντας
1446 2181 1528 2234 καὶ
1555 2181 1703 2251 κώμῳ
1739 2178 1866 2251 χρέ-

189 2253 266 2306 22
283 2253 434 2306 εσθαι
469 2254 520 2308 ἐς
556 2252 838 2322 ἀλλήλους.
1050 2260 1217 2310 Ταῦτα
1253 2259 1308 2311 δὲ
1346 2257 1515 2311 ἐποίεέ
1544 2279 1600 2310 τε
1626 2259 1708 2311 καὶ
1734 2279 1866 2328 προ-

283 2334 494 2401 αγόρευε
523 2330 900 2402 Θρασύβουλος
927 2335 1085 2388 τῶνδε
1112 2332 1312 2396 εἵνεκεν,
1336 2335 1464 2390 ὅκως
1484 2336 1546 2388 ἂν
1567 2336 1627 2403 δὴ
1647 2339 1678 2389 ὁ
1706 2335 1868 2405 κήρυξ

283 2411 312 2460 ὁ
339 2410 626 2478 Σαρδιηνὸς,
658 2411 778 2464 ἰδών
804 2432 860 2462 τε
889 2415 1061 2481 σωρὸν
1094 2414 1255 2482 μέγαν
1282 2414 1431 2466 σίτου
1458 2414 1752 2482 κεχυμένον,
1784 2416 1869 2469 καὶ

283 2484 399 2538 τοὺς
427 2486 721 2556 ἀνθρώπους
741 2488 795 2540 ἐν
815 2488 1118 2556 εὖπαθείῃσε
1136 2490 1326 2551 ἐόντας,
1350 2492 1565 2562 ἀγγείλῃ
1586 2491 1865 2559 Ἀλυάττῃ.

242 2562 346 2614 2τὰ
373 2561 432 2628 δὴ
461 2565 542 2617 καὶ
578 2565 798 2635 ἐγένετο.
881 2566 949 2620 ὣς
977 2568 1079 2634 γὰρ
1107 2568 1167 2633 δὴ
1203 2567 1322 2622 ἰδών
1348 2591 1404 2622 τε
1432 2570 1593 2624 ἐκεῖνα
1628 2573 1657 2624 ὁ
1685 2569 1867 2641 κήρυξ,
