1975 2892
546 133 933 180 ΚΛΕῙΩ.-·-Ῑ.
968 140 1202 193 145-151.
1590 123 1672 177 83

70 205 137 243 01.
162 202 227 242 58.
242 200 305 250 3.]

74 262 163 311 καὶ
190 261 241 312 οἶ
271 256 496 328 καθαρῶς
519 260 788 329 γεγονότες
801 256 998 313 Ἴωνες·
1055 257 1158 311 εἶσὶ
1185 258 1241 310 δὲ
1266 259 1451 314 πάντες
1469 256 1658 319 Ἴωνες,

73 336 204 390 ὅσοι
230 336 316 390 ἀπ’
342 335 567 403 Ἀθηνῶν
590 339 855 407 γεγόνασι,
886 338 969 389 καὶ
992 334 1302 407 Ἀπατούρια
1341 338 1529 408 ἄγουσι
1568 339 1657 407 ὁρ·

74 414 193 483 τήν.
252 415 441 486 ἄγουσι
480 414 536 467 δὲ
574 416 777 476 πάντες,
806 414 945 481 πλὴν
976 414 1244 484 Ἐφεσίων
1281 418 1363 468 καὶ
1401 417 1657 484 Κολοφω-
1675 424 1702 463 8

74 494 221 547 νίων·
266 492 409 545 οὗτοι
440 493 543 563 γὰρ
568 496 745 560 μοῦνοι
770 491 953 545 Ἰώνων
988 494 1080 545 οὐκ
1115 492 1304 563 ἄγουσι
1329 491 1658 563 Ἀπατούρια·

74 574 165 624 καὶ
190 570 335 624 οὗτοι
362 572 487 624 κατὰ
512 572 679 639 φόνου
703 572 816 623 τινὰ
844 572 1060 642 σκῆψιν.
1279 573 1351 624 Τὸ
1380 571 1435 623 δὲ
1463 573 1658 623 Πανιὼ-
1682 568 1795 621 148

73 672 189 705 νιον
216 650 333 702 ἐστὶ
366 650 457 717 τῆς
484 651 729 716 Μυκάλης
752 654 923 718 χῶρος
950 651 1058 720 ἱρὸς
1082 652 1211 720 πρὸς
1235 649 1422 720 ἄρκτον
1447 669 1659 717 τετραμ-

70 728 250 796 μένος,
308 731 447 795 κοινῇ
510 726 899 797 ἐξαραιρημένος
954 728 1056 782 ὑπὸ
1108 728 1292 781 Ἰώνων
1349 727 1664 781 Ποσειδέωνι

70 806 383 877 Ἑλικωνίῳ·
428 804 542 873 ἡδὲ
572 807 787 873 Μυκάλη
828 807 943 859 ἐστὶ
981 809 1072 875 τῆς
1110 803 1322 877 ἦπείρου
1361 806 1506 876 ἄκρη,
1534 807 1664 875 πρὸς

72 888 313 955 ζέφυρον
346 884 529 951 ἄνεμον
565 883 855 951 κατῆκουσα
880 886 1048 957 Σάμῳ,
1078 885 1130 940 ἐς
1161 885 1256 953 τὴν
1289 885 1662 953 συλλεγόμενοι

70 965 184 1017 ἀπὸ
221 968 326 1015 τῶν
364 962 563 1016 πολίων
578 960 769 1022 Ἴωνες,
799 962 1021 1033 ἄγεσκον
1061 964 1230 1033 ὁρτὴν,
1260 964 1321 1031 τῇ
1361 962 1533 1015 ἔθεντο
1573 964 1660 1014 οὔ·

72 1064 213 1109 νομα
256 1043 530 1093 Πανιώνια.
586 1040 873 1094 πεπόνθασι
914 1041 970 1093 δὲ
1016 1044 1126 1093 οὔτι
1172 1044 1352 1109 μοῦναι
1391 1041 1443 1093 αί
1482 1039 1700 1093 ’Ῑὼνωνῖ

71 1121 231 1191 ὁρταὶ
268 1123 439 1180 τοῦτο,
469 1119 609 1171 ἀλλὰ
645 1119 726 1171 καὶ
750 1118 1016 1186 Ἑλλήνων
1040 1121 1242 1173 πάντων
1277 1120 1464 1188 ὁμοίως
1498 1122 1662 1173 πᾶσαι

71 1200 132 1253 ἐς
170 1199 339 1251 τῶυτὸ
372 1199 581 1268 γράμμα
613 1200 912 1257 τελευτῶσι,
944 1198 1164 1268 κατάπερ
1203 1202 1305 1249 τῶν
1330 1198 1576 1267 Περσέων
1602 1197 1663 1249 τὰ

73 1278 361 1343 οὐνόματα.
417 1274 563 1327 αὗται
589 1275 681 1341 μὲν
706 1276 759 1327 αἱ
783 1274 941 1330 Ἰάδες
966 1276 1145 1331 πόλιές
1180 1274 1301 1329 εἶσι.
1544 1273 1662 1327 Α’ίδε
1686 1276 1796 1331 149

74 1357 135 1409 δὲ
167 1356 221 1407 αἱ
251 1353 504 1411 Αἰολίδες,
534 1352 698 1421 Κύμη,
726 1352 757 1419 ἦ
785 1355 1028 1424 Φρικωνὶς
1060 1355 1353 1421 καλεομένη,
1384 1352 1662 1424 Λῆρισσαι,

76 1434 221 1487 Νέον
261 1434 450 1501 τεῖχος,
478 1434 692 1499 Τῆμνος,
730 1432 918 1492 Κίλλα,
950 1434 1154 1490 Νότιον,
1191 1431 1528 1501 Αἰγιρόεσσα,
1565 1438 1654 1483 111-

76 1513 228 1577 τάνη,
258 1510 480 1581 Αἰγαῖαι,
510 1507 726 1579 Μύρινα,
757 1508 983 1579 Γρύνεια·
1041 1507 1187 1561 αὗται
1227 1508 1399 1562 ἕνδεκα
1438 1508 1665 1562 Αἰολέων

77 1593 268 1644 πόλιες
294 1590 345 1640 αἱ
382 1589 606 1658 ἀρχαῖαι.
662 1588 754 1655 μία
786 1588 887 1657 γάρ
924 1588 1106 1655 σφεων
1131 1584 1392 1656 παρελύθη
1429 1588 1527 1641 ὑπὸ
1553 1587 1662 1639 Ἰώ-

80 1690 205 1727 νων,
252 1663 470 1737 Σμύρνη.
526 1662 661 1731 ἦσαν
699 1666 799 1736 γὰρ
842 1666 925 1718 καὶ
964 1663 1111 1717 αὗται
1154 1664 1376 1717 δυώδεκα
1416 1666 1468 1719 αἱ
1508 1666 1562 1718 ἐν
1603 1668 1662 1733 τῇ
1680 1680 1704 1720 2

80 1744 302 1817 ἠπείρῳ.
358 1742 500 1796 οὗτοι
546 1744 602 1796 δὲ
644 1745 694 1796 οἱ
736 1742 946 1797 Αἰολέες
985 1744 1159 1813 χώρην
1198 1743 1292 1810 μὲν
1332 1744 1514 1813 ἔτυχον
1556 1746 1661 1797 κτί-

85 1844 277 1877 σαντες
315 1822 503 1888 ἀμείνω
526 1818 725 1882 ’Ῑώνων,
758 1822 927 1891 ὧρέων
966 1822 1022 1874 δὲ
1061 1821 1287 1890 ἥκουσαν
1324 1822 1416 1874 οὐκ
1456 1822 1659 1891 ὁμοίως.

84 1899 321 1971 Σμύρνην
346 1901 401 1953 δὲ
431 1900 529 1953 ὧδε
555 1900 821 1963 ἀπέβαλον
846 1899 1076 1954 Αἶολέες.
1296 1902 1663 1971 Κολοφωνίους
1685 1901 1795 1953 150

84 1981 275 2050 ἄνδρας
303 1980 489 2031 στάσει
517 1977 857 2043 ἑσσωθέντας,
889 1977 969 2029 καὶ
1007 1978 1315 2033 ἐκπεσόντας
1351 1980 1406 2032 ἐκ
1441 1982 1529 2048 τῆς
1563 2002 1661 2033 πα-

86 2059 280 2128 τρίδος,
308 2056 637 2122 ὑπεδέξαντο.
680 2056 806 2123 μετὰ
834 2057 906 2122 δὲ,
937 2057 985 2108 οἱ
1013 2058 1241 2127 φυγάδες
1275 2062 1376 2110 τῶν
1403 2060 1659 2127 Κολοφω-
1679 2070 1706 2108 2

88 2136 210 2189 νίων
252 2135 578 2204 φυλάξαντες
621 2133 741 2188 τοὺς
782 2134 1089 2205 Σμυρναίους
1135 2134 1288 2204 ὁρτὴν
1330 2135 1428 2200 ἔξω
1470 2136 1667 2204 τείχεος

87 2211 419 2280 ποιευμένους
444 2209 699 2284 Διονύσῳ,
728 2212 819 2267 τὰς
852 2209 1020 2265 πύλας
1055 2207 1477 2277 ἀποκληίσαντες,
1506 2214 1667 2281 ἔσχον

88 2292 181 2357 τὴν
206 2293 382 2344 πόλιν.
423 2290 791 2357 βοηθησάντων
825 2290 881 2342 δὲ
915 2290 1118 2343 πάντων
1144 2288 1388 2350 Αἰολέων,
1418 2290 1664 2361 ὁμολογίῃ
1683 2302 1708 2341 8

92 2366 402 2437 ἐχρήσαντο,
430 2368 495 2419 τὰ
530 2369 721 2421 ἔπιπλα
757 2368 1051 2421 ἀποδόντων
1085 2372 1186 2419 τῶν
1214 2365 1414 2427 Ἰώνων,
1446 2368 1669 2421 ἐκλιπεῖν

90 2445 322 2515 Σμύρνην
366 2445 602 2500 Αἰολέας.
671 2447 995 2512 ποιησάντων
1047 2444 1102 2497 δὲ
1156 2447 1315 2496 ταῦτα
1360 2447 1665 2515 Σμυρναίων,
1685 2455 1711 2494 4

92 2524 433 2579 ἐπιδιείλοντό
475 2525 647 2592 σφεας
687 2524 739 2575 αἱ
783 2521 957 2575 ἕνδεκα
993 2522 1194 2580 πόλιες,
1241 2521 1322 2573 καὶ
1365 2519 1669 2587 ἐποιήσαντο

96 2602 279 2673 σφέων
302 2600 495 2654 αὗτέων
518 2598 786 2668 πολιῆτας.
1027 2596 1186 2651 Αὗται
1211 2596 1304 2665 μέν
1330 2620 1420 2651 νυν
1441 2600 1494 2651 αἶ
1529 2596 1669 2667 ἦπει-
1694 2584 1804 2640 15¹
