1975 2892
344 119 460 176 214
969 130 1374 174 ΗΡοΔοΤοΥ

1553 183 1622 230 [A.
1639 185 1681 222 c.
1703 185 1779 224 569
1839 186 1917 224 ‘26

303 255 329 298 ὅ
346 245 469 295 λως.
524 239 697 307 μαθὼν
722 240 779 292 δὲ
806 243 835 293 ὁ
850 237 1080 307 Ἀμασις
1106 241 1166 292 τὸ
1192 239 1251 292 ἐκ
1277 245 1378 292 τῶν
1404 239 1577 292 ἀστῶν
1602 238 1943 306 ποιεύμενον,

346 319 675 388 συγκαλέσας
701 318 1027 388 Αἰγυπτίους,
1056 318 1277 387 ἐξέφηνε
1313 319 1420 387 φὰς
1448 322 1484 344 “
1503 317 1560 370 ἔκ
1597 321 1690 370 τοῦ
1717 318 1945 370 ποδανι-

344 399 537 466 πτῆρος
576 395 820 467 τῶγαλμα
858 397 1136 467 γεγονέναι,
1167 396 1221 451 ές
1260 398 1349 448 τὸν
1385 399 1636 466 πρότερον
1673 395 1772 463 μὲν
1813 395 1952 450 τοὺς

346 474 657 544 Αἰγυπτίους
680 475 873 542 ε’νεμεῖν
898 496 955 528 τε
980 476 1064 527 καὶ
1090 473 1356 544 ἐνουρέειν,
1385 475 1468 526 καὶ
1501 475 1662 528 πόδας
1689 471 1944 526 ἐναπονί-

307 565 333 606 6
351 552 547 618 ζεσθαι,
575 555 690 606 τότε
717 553 772 605 δὲ
798 555 1035 623 μεγάλως
1063 551 1333 617 σέβεσθαι.
1376 553 1470 620 ἤδη
1499 551 1584 612 ὧν,
1608 553 1712 620 ἔφη
1740 551 1943 622 λέγων,

350 631 537 699 ὁμοίως
563 632 712 685 αὐτὸς
738 633 810 703 τῷ
834 632 1171 700 ποδανιπτῆρι
1205 631 1533 702 πεπρηγέναι.
1589 629 1636 681 εἶ
1669 631 1777 700 γὰρ
1805 635 1942 700 πρό-

349 731 499 778 τερον
536 704 661 763 εἶναι
702 710 936 776 δημότης,
965 709 1086 762 ἀλλ’
1113 709 1171 762 έν
1209 711 1282 781 τῷ
1319 711 1558 778 παρεόντι
1598 702 1727 760 εἶναι
1769 707 1950 761 αὐτῶν

304 798 335 844 Ἰ
348 784 663 852 βασιλεύς.”
717 787 799 840 καὶ
824 789 973 855 τιμᾶν
999 809 1056 839 τε
1083 789 1164 840 καὶ
1189 786 1572 857 προμηθέεσθαι
1599 789 1796 838 ἑωυτοῦ
1824 783 1951 838 έκέ-

347 866 489 918 λευε.
524 862 739 937 τοιούτῳ
765 865 858 932 μὲν
876 867 1050 938 τρόπῳ
1069 867 1432 937 προσηγάγετο
1459 865 1577 920 τοὺς
1597 863 1954 934 Αἰγυπτίους,
1973 921 1975 929 2

216 937 331 1001 173
350 943 487 996 ὥστε
514 942 737 995 δικαιοῦν
763 941 1041 999 δουλεύειν.
1128 954 1132 959 “
1279 943 1503 1014 Ἐχρᾶτο
1530 943 1587 996 δὲ
1612 943 1958 996 καταπόσει

347 1021 657 1090 πρηγμάτων
682 1022 868 1088 τοιῇδε.
925 1023 984 1075 τὸ
1019 1022 1113 1091 μὲν
1138 1021 1363 1094 ὄρθριον,
1391 1022 1544 1092 μέχρι
1570 1019 1690 1074 ὅτου
1717 1021 1952 1087 πληθώ-

345 1120 439 1169 ρης
466 1098 671 1169 ἀγορῆς,
698 1097 975 1168 προθύμως
1001 1101 1235 1171 ἔπρησσε
1269 1101 1334 1154 τὰ
1367 1100 1776 1170 προσφερόμενα
1801 1097 1950 1168 πρῆ-

349 1189 535 1246 γματα·
580 1178 639 1228 τὸ
667 1177 722 1229 δὲ
749 1177 849 1232 ἀπὸ
878 1176 1064 1232 τούτου
1091 1177 1232 1234 ἔπινέ
1264 1200 1322 1231 τε
1347 1179 1431 1230 καὶ
1458 1177 1788 1230 κατέσκωπτε
1813 1178 1950 1232 τοὺς

310 1271 341 1314 2
354 1256 633 1322 συμπότας,
676 1255 757 1307 καὶ
801 1252 863 1321 ἦν
903 1257 1115 1323 μάταιός
1159 1279 1216 1310 τε
1257 1257 1340 1309 καὶ
1384 1252 1716 1326 παιγνιήμων.
1777 1254 1948 1323 ἄχθε-

355 1332 563 1388 σθέντες
598 1332 655 1384 δὲ
688 1330 921 1386 τούτοισι
956 1336 1008 1386 οἱ
1043 1335 1197 1405 φίλοι
1232 1336 1407 1396 αὐτοῦ,
1435 1333 1728 1388 ἐνουθέτεον
1760 1333 1954 1394 αὐτὸν,

355 1412 527 1465 τοιάδε
567 1409 826 1482 λέγοντες·
888 1407 1009 1466 “Ὠ
1053 1416 1298 1478 βασιλεῦ,
1347 1413 1440 1466 οὐκ
1491 1411 1655 1482 ὀρθῶς
1699 1417 1954 1464 σεωυτοῦ

318 1489 691 1560 επροέστηκας,
722 1490 773 1545 ές
808 1491 866 1544 τὸ
902 1489 1032 1562 ἄγαν
1055 1493 1263 1561 φαῦλον
1295 1492 1538 1561 προάγων
1565 1491 1812 1543 σεωυτόν.
1877 1493 1949 1542 σὲ

356 1569 457 1638 γὰρ
490 1571 623 1639 χρῆν
649 1569 703 1622 ἐν
730 1567 893 1641 θρόνῳ
930 1571 1102 1642 σεμνῷ
1139 1571 1327 1637 σεμνὸν
1353 1568 1624 1628 θωκέοντα,
1653 1565 1717 1620 δι’
1747 1567 1944 1638 ἡμέρης

356 1645 616 1716 πρὴσσειν
640 1647 705 1699 τὰ
738 1645 1027 1718 πρήγματα·
1072 1649 1154 1701 καὶ
1187 1644 1320 1700 οὕτω
1349 1645 1622 1719 Αἰγύπτιοί
1656 1643 1700 1698 τ’
1728 1645 1794 1699 ἂν
1818 1646 1932 1699 ἔπι-

360 1725 547 1778 στέατο
576 1725 643 1778 ὧς
669 1725 751 1780 ὑπ’
780 1725 961 1795 ἀνδρὸς
986 1727 1214 1798 μεγάλου
1233 1725 1502 1796 ἄρχονται,
1525 1724 1608 1776 καὶ
1633 1723 1840 1791 ἄμεινον
1868 1724 1937 1776 σὺ

321 1801 420 1854 ίᾶν
447 1805 641 1869 ἤκουες.
697 1806 786 1856 νῦν
820 1803 875 1856 δὲ
910 1805 1100 1858 ποιέεις
1134 1803 1364 1872 οὐδαμῶς
1397 1798 1710 1868 βασιλικά.”
1793 1801 1854 1854 ‘0
1883 1801 1940 1854 δέ

359 1879 599 1946 ἀμείβετο
646 1879 845 1933 τοισίδε
896 1879 1099 1937 αὐτούς·
1161 1885 1196 1908 “
1216 1882 1290 1934 Τὰ
1341 1881 1470 1948 τόξα
1521 1881 1572 1934 οἶ
1624 1880 1929 1948 κεκτημένοι,

358 1956 511 2012 ἐπεὰν
534 1957 627 2025 μὲν
653 1957 861 2010 δέωνται
885 1959 1133 2030 χράσθαι,
1164 1957 1507 2014 ένταννῦουσι·
1545 1958 1697 2012 ἐπεὰν
1722 1957 1782 2010 δὲ
1808 1957 1928 2028 χρή-

320 2047 347 2089 5
364 2055 570 2096 σωνται,
600 2034 862 2090 ἐκλύουσι.
916 2037 964 2090 εἷ
988 2039 1090 2109 γὰρ
1118 2038 1179 2106 δὴ
1207 2040 1296 2090 τὸν
1321 2039 1486 2093 πάντα
1519 2039 1709 2107 χρόνον
1735 2035 1938 2090 ἐντετα-

340 2114 486 2192 ,ιιένα
520 2110 613 2181 εἵη,
644 2114 874 2184 ἐκραγείη
912 2115 990 2170 ἄν·
1036 2117 1173 2170 ὥστε
1208 2116 1260 2171 ές
1295 2117 1354 2169 τὸ
1391 2115 1508 2168 δέον
1541 2115 1633 2167 οὐκ
1673 2113 1736 2167 ἂν
1773 2115 1946 2184 ἔχοιεν

322 2195 409 2245 rofi
436 2195 565 2260 Ἀἶα-ι
602 2193 850 2268 χρῆσθαι.
907 2191 1041 2248 οὕτω
1077 2195 1138 2263 δὴ
1175 2195 1256 2247 καὶ
1295 2194 1562 2265 ἀνθρώπου
1600 2193 1941 2246 κατάστασις·

313 2273 409 2321 τοῦ
442 2268 625 2339 Ἀπροι
670 2273 1120 2326 κατεσπουδάσθαι
1165 2273 1282 2333 αἰεὶ,
1329 2272 1455 2341 μηδὲ
1501 2271 1553 2326 ἐς
1597 2269 1837 2340 παιγνίην
1879 2272 1942 2322 τὸ
1969 2255 1975 2344 1

314 2347 399 2398 καὶ
425 2350 577 2400 τοῦτο
605 2349 725 2400 ε”.τὸν
751 2347 955 2411 ἀνιέναι,
982 2348 1138 2402 λάθοι
1173 2349 1235 2402 ἂν
1269 2351 1383 2416 ἤτοι
1417 2349 1605 2418 μανεὶς,
1633 2345 1665 2415 ἢ
1695 2346 1786 2418 ὅγε
1811 2348 1937 2400 ἀπό-

312 2423 397 2474 καὶ
424 2421 893 2490 ἧσκημέννμόμενος.
937 2425 1002 2476 τὰ
1029 2423 1128 2493 ἐγὼ
1156 2425 1511 2494 ἐπιστάμενος,
1539 2424 1696 2495 μέρος
1723 2425 1936 2496 ἐκατέρῳ

240 2500 291 2538 10
307 2497 531 2558 μένοισι,
574 2501 655 2551 καὶ
692 2504 771 2552 ἱτα
795 2500 889 2566 μὲν
914 2499 1034 2553 τοὺς
1059 2499 1252 2568 φίλους
1278 2503 1561 2574 ἀμείψατο.
1782 2503 1934 2572 Λέγε·

305 2567 427 2634 διξὰ
468 2575 736 2643 θυρώματα
766 2597 837 2636 ις,
866 2575 947 2628 καὶ
976 2574 1062 2626 ὅτ’
1088 2573 1117 2608 ·’
1181 2576 1196 2592 ’
1431 2583 1498 2638 ὣς
1524 2583 1822 2652 φιλοπότης
1850 2582 1938 2634 ἐὼν
