1975 2892
248 92 325 149 90
846 103 1253 148 ΗΡοΔοΤογ

1467 159 1539 206 [A.
1557 158 1603 197 c.
1619 158 1856 199 546—538.

242 218 504 289 Ἅρπαγος
531 217 599 273 ὥς
632 214 864 284 ἐπήλασε
889 215 981 284 τὴν
1009 215 1272 288 στρατιὴν,
1301 215 1596 286 ἐπολιόρκεε
1631 214 1858 273 αὐτοὺς,

251 297 629 367 προϊσχόμενος
655 295 779 348 ἔπεα
808 299 843 321 “
868 296 937 350 ὥς
976 296 1027 348 οἷ
1053 299 1298 365 καταχρᾷ,
1327 293 1373 347 εἰ
1409 292 1698 359 βούλονται
1728 300 1856 345 Φω-

254 374 413 428 καιέες
437 378 775 443 προμαχεῶνα
811 372 897 426 ἕνα
921 377 1109 442 μοῦνον
1143 375 1235 425 τοῦ
1262 373 1460 441 τείχεος
1498 370 1732 441 ἐρεῖψαι,
1763 372 1862 423 καὶ

213 467 238 508 2
256 450 435 520 οἴκημα
462 450 516 505 ἓν
542 449 877 521 κατιρῶσαι.”
921 452 971 503 οἱ
1003 452 1058 505 δὲ
1099 450 1364 512 Φωκαιέες,
1393 448 1860 520 περιημεκτέοντες

256 532 318 598 τῇ
358 528 646 597 δουλοσύνῃ
684 531 890 599 ἔφασαν
931 532 968 555 “
993 529 1162 582 θέλειν
1199 526 1596 593 βουλεύσασθαι
1648 525 1861 597 ἡμέρην

255 609 393 677 μίαν,
442 608 525 662 καὶ
568 609 741 661 ἔπειτα
778 606 1186 677 ὑποκρινέεσθαι.
1229 606 1287 659 ἐν
1323 602 1366 679 ᾧ
1405 606 1461 659 δέ
1498 604 1860 670 βουλεύονται

258 688 419 748 αὐτοὶ,
448 687 727 757 ἀπαγαγεῖν
754 684 941 739 ἐκεῖνον
968 686 1203 739 ἐκέλευον
1229 684 1321 752 τὴν
1347 684 1592 754 στρατιὴν
1617 684 1724 737 ἀπὸ
1751 688 1860 737 τοῦ

216 781 241 820 8
259 764 513 834 τείχεος.”
541 763 600 816 ‘0
622 762 665 815 δ’
686 760 953 836 Ἅρπαγος
972 764 1075 833 ἔφη
1095 768 1131 790 “
1151 761 1332 818 εἰδέναι
1367 763 1459 831 μὲν
1485 760 1542 815 εὖ
1567 763 1632 815 τὰ
1658 762 1857 815 ἐκεῖνοι

257 843 506 910 μέλλοιεν
523 840 731 902 ποιέειν,
751 840 886 908 ὅμως
913 841 972 895 δέ
998 844 1103 911 σφι
1130 841 1359 912 παριέναι
1383 838 1855 905 βουλεύσασθαι.”

217 933 244 974 4
257 920 348 973 Ἐν
388 915 430 992 ᾧ
475 917 545 976 ὧν
589 921 618 972 ό
652 916 917 991 Ἅρπαγος
955 920 1056 973 ἀπὸ
1111 923 1202 972 τοῦ
1241 920 1438 988 τείχεος
1476 918 1710 990 ἀπήγαγε
1753 920 1857 987 τὴν

261 997 522 1068 στρατιὴν,
552 998 601 1050 οἶ
617 997 865 1053 Φωκαιέες
892 998 945 1052 ἐν
965 996 1130 1072 τούτῳ
1157 999 1579 1053 κατασπάσαντες
1597 998 1690 1053 τὰς
1715 1020 1850 1052 πεν-

260 1075 605 1146 τηκοντέρους,
650 1073 915 1145 ἐσθέμενοι
954 1076 1104 1130 τέκνα
1143 1078 1226 1130 καὶ
1258 1078 1496 1146 γυναῖκας
1527 1077 1610 1128 καὶ
1648 1077 1854 1130 ἔπιπλα

260 1156 443 1215 πάντα,
464 1154 594 1224 πρὸς
620 1154 677 1207 δὲ
704 1155 787 1208 καὶ
813 1155 875 1206 τᾶ
900 1156 1174 1225 ἀγάλματα
1200 1156 1264 1207 τὰ
1291 1154 1346 1206 ἐκ
1372 1159 1474 1207 τῶν
1501 1155 1638 1224 ἱρῶν,
1670 1156 1756 1208 καὶ
1781 1157 1852 1207 τὰ

261 1232 400 1285 ἄλλα
426 1229 737 1299 ἀναθήματα,
765 1234 925 1302 χωρὶς
952 1232 1032 1285 ὅτι
1057 1234 1254 1303 χαλκὸς
1273 1231 1302 1301 ἢ
1324 1232 1472 1287 λίθος
1497 1231 1526 1299 ἢ
1555 1232 1736 1303 γραφὴ
1763 1230 1848 1299 ἦν,

262 1311 326 1364 τὰ
352 1309 408 1363 δὲ
436 1308 574 1363 ἄλλα
598 1310 763 1363 πάντα
791 1309 1046 1373 ἐσθέντες,
1075 1312 1158 1363 καὶ
1187 1311 1334 1365 αὐτοὶ
1361 1310 1628 1375 ἐσβάντες,
1657 1312 1852 1365 ἔπλεον

264 1388 349 1442 ἐπὶ
368 1388 516 1442 Χίου.
560 1387 651 1455 τὴν
677 1388 732 1441 δέ
761 1388 992 1456 Φωκαίην
1019 1388 1367 1461 ἐρημωθεῖσαν
1385 1388 1581 1459 ἀνδρῶν
1606 1390 1772 1459 ἔσχον
1797 1392 1850 1443 οἱ

133 1464 245 1519 165
266 1466 791 1538 Πέρσαι.οι
826 1466 1092 1529 Φωκαιεες,
1120 1466 1235 1521 ἐπεί
1267 1488 1325 1519 τε
1357 1468 1464 1536 σφι
1498 1469 1613 1519 Χῖοι
1639 1469 1729 1523 τὰς
1757 1466 1844 1535 νή-

266 1567 394 1600 σους
419 1545 509 1600 τὰς
537 1542 830 1601 Οινούσσας
856 1546 1165 1614 καλεομένας
1190 1545 1282 1597 οὐκ
1319 1542 1600 1609 ἐβούλοντο
1628 1546 1846 1614 ὠνεομέ-

266 1644 403 1677 νοισι
429 1624 664 1685 πωλεειν,
687 1623 1027 1692 δειμαίνοντες
1052 1624 1120 1692 μὴ
1141 1625 1194 1676 αἱ
1220 1645 1311 1691 μεν
1327 1623 1570 1694 ἐμπόριον
1583 1624 1850 1695 γένωνται,

266 1700 297 1768 ἡ
352 1700 409 1755 δε
460 1702 625 1755 αὐτῶν
678 1704 835 1771 νῆσος
887 1701 1213 1770 ἅποκληῖσθῇ
1265 1699 1450 1754 τούτου
1495 1723 1677 1763 εινεκα,
1719 1705 1852 1773 πρὸς

227 1783 252 1823 2
270 1783 425 1832 ταῦτα
462 1781 510 1831 οἱ
516 1779 788 1876 Φωκαιέες
824 1780 1140 1835 ἐστέλλοντο
1181 1780 1233 1835 ἐς
1276 1778 1492 1850 Κύρνον.
1541 1780 1598 1834 ἐν
1641 1782 1742 1851 γὰρ
1789 1782 1852 1849 τῇ

270 1853 449 1928 Κύρνῳ
492 1878 657 1911 εικοσι
698 1860 839 1913 ἔτεσι
890 1861 1142 1929 πρότερον
1187 1855 1382 1911 τούτων
1434 1858 1490 1911 ἐκ
1537 1858 1852 1930 θεοπροπίου

268 1930 620 2001 ἀνεστήσαντο
650 1939 822 1999 πόλιν,
851 1941 914 2004 τῇ
952 1940 1146 2005 οὔνομα
1179 1935 1241 2003 ἦν
1277 1935 1514 2003 Ἀλαλίη.
1555 1936 1851 2009 Ἀργανθώ-

229 2019 255 2060 8
271 2031 375 2065 νιος
421 2011 477 2065 δὲ
529 2016 797 2079 τηνικαῦτα
846 2016 939 2083 ἤδη
986 2013 1360 2083 τετελευτήκεε.
1415 2018 1756 2084 στελλόμενοι
1797 2018 1855 2070 δὲ

272 2088 356 2143 ἐπι
382 2088 474 2157 τὴν
501 2088 715 2161 Κύρνον,
739 2097 915 2162 πρῶτα
942 2092 1387 2148 καταπλεύσαντες
1415 2094 1466 2149 ἐς
1491 2095 1582 2161 τὴν
1601 2094 1852 2161 Φωκαίην,

272 2170 654 2238 κατεφόνευσαν
692 2174 793 2224 τῶν
822 2171 1069 2241 Περσεων
1108 2172 1200 2239 τὴν
1238 2171 1557 2241 φυλακὴν,“
1530 2196 1561 2241 η
1601 2169 1856 2243 ἐφρούρεε

235 2247 651 2316 ιπαραδεξαμένη
687 2249 825 2318 παρὰ
858 2248 1120 2320 Ἀρπάγου
1160 2250 1250 2317 τὴν
1281 2253 1454 2303 πόλιν.
1511 2252 1639 2318 μετὰ
1671 2252 1744 2312 δὲ,
1785 2252 1858 2306 ὥς

272 2327 424 2376 τοῦτό
451 2327 557 2393 σφι
591 2325 950 2396 εξέργαστο,’
924 2325 1235 2395 εποιήσαντο
1277 2327 1498 2399 ἰσχυρὰς
1532 2331 1750 2399 κατάρας
1779 2333 1856 2402 τῷ

272 2400 657 2494 ὑπολειπομένῳ
706 2405 905 2457 εωυτῶν
945 2408 1038 2457 τοῦ
1087 2408 1302 2459 στόλου.
1343 2408 1474 2476 πρὸς
1520 2408 1577 2461 δὲ
1619 2406 1854 2475 ταύτῃσι,

276 2493 356 2525 και
394 2475 586 2545 μύδρον
628 2478 865 2549 σιδήρεον
905 2485 1310 2545 κατεπόντωσαν,
1354 2485 1438 2536 καὶ
1479 2484 1690 2553 ωμοσαν
1731 2490 1766 2512 “
1785 2486 1856 2553 μὴ

276 2550 446 2617 πρὶν’
422 2572 475 2605 ες
510 2556 738 2622 Φωκαίην
769 2556 926 2624 ἥξειν,
954 2561 1076 2629 πρὶν
1111 2558 1142 2628 ἢ
1169 2563 1260 2615 τὸν
1292 2559 1487 2633 μύδρον
1517 2566 1701 2619 τοῦτον
1733 2563 1858 2618 ἅνα-
