1975 2892
574 102 1063 151 GAAEIA.--111.
1094 112 1266 162 94-99.
1597 93 1709 147 275

108 178 193 217 Ol.
211 174 271 214 64·
292 171 348 219 4.]

37 288 48 299 υ
111 226 376 294 ἀνάγουσι
403 222 494 278 τὰς
529 223 699 292 ὁρτάς.
743 221 886 275 οὗτοι
913 223 963 274 οἱ
989 222 1249 285 Αἶθίοπες,
1279 225 1361 278 καὶ
1396 227 1445 278 οἱ
1480 228 1702 293 πλησιό-
1726 242 1752 285 ⁸

111 322 291 373 χωροι
317 299 568 361 τούτοισι,
600 299 854 369 σπέρματι
879 300 972 366 μὲν
997 301 1245 370 χρέωνται
1271 307 1341 375 τῷ
1366 304 1501 376 αὐτῷ
1528 308 1598 377 τῷ
1626 306 1709 359 καὶ

115 382 180 434 οἱ
225 380 502 433 Καλαντίαι
540 377 712 433 Ἰνδοί·
776 377 1023 445 οἰκήματα
1070 379 1125 431 δὲ
1168 380 1398 445 ἔκτηνται
1440 384 1703 452 κατάγαια.

119 457 278 511 οὗτοι
305 457 686 526 συναμφότεροι
714 455 800 508 διὰ
823 455 997 525 τρίτου
1024 456 1163 512 ἔτεος
1198 458 1415 528 ἀγίνεον,
1444 460 1707 530 ἀγινέουσι
1726 476 1754 518 4

119 537 186 589 δὲ
213 534 296 589 καὶ
320 536 380 588 τὸ
405 536 558 605 μέχρι
586 534 723 601 ε’μεῦ,
753 531 845 587 δύο
870 534 1098 602 χοίνικας
1124 533 1319 605 ἀπύρου
1353 536 1595 607 χρυσίου,
1625 540 1709 593 καὶ

120 612 391 680 διηκοσίας
417 615 694 683 φάλαγγας
719 610 917 676 ἐβένου,
948 613 1035 665 καὶ
1056 613 1207 665 πέντε
1232 615 1414 671 παῖδας
1440 615 1705 677 Albiones,

121 692 212 745 καὶ
259 691 548 761 ἐλέφαντος
593 690 803 744 ὀδόντας
842 691 1100 763 μεγάλους
1144 688 1325 747 εἴκοσι.
1410 696 1610 763 Κόλχοι
1653 695 1706 749 δὲ
1722 708 1747 749 6

125 770 380 836 ἐτάξαντο
421 770 473 825 ἐς
511 768 604 837 τὴν
644 767 852 838 δωρεὴν,
893 770 975 822 καὶ
1015 770 1065 822 οἱ
1103 770 1387 840 προσεχέες
1424 772 1579 842 μέχρι
1618 776 1708 825 τοῦ

123 849 423 901 Καυκάσιος
448 850 646 917 οὔρεος·
689 846 742 901 ἐς
767 848 919 899 τοῦτο
946 848 1047 917 γὰρ
1074 849 1134 901 τὸ
1160 846 1314 919 οὖρος
1340 849 1439 905 ὑπὸ
1466 850 1707 921 Πέρσῃσι

123 927 359 997 ἄρχεται·
404 926 467 978 τὰ
493 926 549 979 δὲ
585 926 714 995 πρὸς
738 926 902 994 βορῆν
927 925 1111 993 ἄνεμον
1135 930 1227 979 τοῦ
1254 930 1543 984 Καυκάσιος
1568 937 1705 999 Περ-

125 1004 268 1058 σέων
293 1004 440 1057 οὗδὲν
465 1004 540 1057 ἔτι
567 1004 848 1075 φροντίζει.
891 1001 1035 1055 οὗτοι
1072 1003 1141 1057 ὧν
1166 1005 1321 1074 δῶρα,
1350 1008 1415 1059 τὰ
1442 1007 1705 1073 ἐτάξαντο,
1726 1016 1754 1058 6

125 1084 209 1135 ἔτι
237 1083 318 1136 καὶ
347 1083 398 1137 ἐς
425 1081 512 1151 ἐμὲ
549 1082 634 1135 διὰ
666 1081 1023 1152 πεντετηρίδος
1058 1082 1276 1151 ἀγίνεον,
1306 1086 1483 1139 ἑκατὸν
1507 1086 1707 1146 παῖδας,

127 1160 214 1215 καὶ
241 1162 418 1215 ἑκατὸν
442 1160 742 1231 παρθένους.
825 1154 1061 1229 Ἀράβιοι
1088 1161 1145 1213 δὲ
1170 1161 1319 1229 χίλια
1344 1164 1568 1218 τάλαντα
1592 1164 1704 1234 ἇγί-
1728 1168 1753 1215 ἵ

129 1260 252 1294 νεον
284 1240 574 1302 λιβανωτοῦ
609 1238 704 1291 ἀνὰ
736 1240 839 1291 πᾶν
877 1239 1009 1293 ἔτος.
1092 1243 1261 1293 Ταῦτα
1284 1241 1378 1309 μὲν
1405 1240 1546 1296 οὗτοι
1572 1243 1711 1312 δῶρα

125 1314 297 1382 πάρεξ
323 1319 415 1369 τοῦ
439 1317 609 1386 φόρου
633 1318 850 1379 βασιλέϊ
875 1316 1122 1384 ἐκόμιζον.

215 1388 318 1443 Τὸν
352 1389 408 1442 δὲ
444 1392 645 1459 χρυσὸν
677 1396 858 1447 τοῦτον
893 1396 983 1449 τὸν
1018 1396 1217 1449 πολλὸν
1248 1397 1297 1448 οἱ
1330 1394 1499 1461 Ἰνδοὶ,
1529 1392 1613 1449 ἀπ’
1643 1393 1703 1447 οὗ
1728 1400 1807 1455 98

132 1468 198 1521 τὸ
237 1469 428 1539 ψῆγμα,
464 1472 535 1541 τῷ
572 1470 786 1534 βασιλέϊ
823 1473 880 1526 τὸ
923 1472 1181 1542 εἶρημένον
1212 1474 1495 1541 κομίζουσι,
1528 1476 1703 1545 τρόπῳ

126 1550 313 1621 τοιῷδε
359 1547 612 1603 κτέωνται.
682 1544 844 1600 Ἐστι
883 1548 972 1614 τῆς
1011 1546 1221 1615 Ἰνδικῆς
1265 1550 1437 1617 χώρης
1479 1550 1537 1602 τὸ
1582 1552 1711 1620 πρὸς
1728 1572 1753 1612 2

127 1626 286 1695 ἥλιον
311 1625 589 1695 ἀνίσχοντα
613 1626 846 1696 ψάμμος.
892 1630 994 1677 τῶν
1017 1626 1117 1695 γὰρ
1150 1624 1290 1692 ἡμεῖς
1315 1623 1475 1695 ἴδμεν,
1504 1632 1604 1681 τῶν
1630 1629 1713 1681 καὶ

128 1703 252 1775 πέρι
278 1704 480 1773 ἀτρεκές
506 1726 556 1757 τι
581 1704 804 1775 λέγεται,
832 1708 1027 1773 πρῶτοι
1052 1705 1181 1774 πρὸς
1207 1699 1279 1771 ἧῶ
1306 1705 1389 1757 καὶ
1414 1703 1563 1771 ἡλίου
1589 1706 1709 1759 ἀνα-

133 1782 296 1837 τολὰς
321 1781 544 1835 οἰκέουσι
572 1781 850 1852 ἀνθρώπων
874 1787 976 1835 τῶν
1001 1782 1057 1835 ἐν
1083 1786 1143 1850 τῇ
1159 1782 1313 1849 Ἀσίῃ
1328 1781 1498 1837 Ἰνδοί·
1542 1781 1715 1837 Ἰνδῶν

132 1860 236 1931 γὰρ
281 1860 342 1913 τὸ
385 1862 514 1931 πρὸς
553 1860 644 1927 τὴν
689 1856 760 1927 ἠῶ
802 1859 976 1931 ἐρημίη
1024 1861 1157 1922 ἐστὶ,
1208 1861 1293 1915 διὰ
1337 1861 1429 1929 τὴν
1472 1862 1709 1932 ψάμμον.

122 1936 284 1991 Ἐστι
319 1938 376 1991 δὲ
411 1938 587 1991 πολλὰ
622 1937 767 1991 ἔθνεα
792 1938 980 1999 Ἰνδῶν,
1010 1941 1093 1992 καὶ
1126 1940 1217 1992 οὐκ
1253 1941 1499 2009 ὁμόφωνά
1527 1942 1709 2010 σφισι.
1732 1956 1759 1998 8

137 2016 220 2069 καὶ
246 2017 294 2069 οἱ
320 2016 413 2083 μὲν
438 2009 602 2069 αὐτῶν
627 2018 840 2083 νομάδες
865 2017 988 2069 εἶσί·
1033 2018 1083 2069 οἱ
1110 2018 1185 2079 δὲ,
1213 2020 1290 2070 οὔ·
1335 2020 1385 2071 οἱ
1410 2019 1469 2072 δὲ
1493 2020 1549 2072 ἐν
1574 2021 1714 2072 τοῖσι

137 2093 290 2149 ἕλεσι
315 2093 542 2148 οἰκέουσι
562 2097 652 2147 τοῦ
677 2098 925 2161 ποταμοῦ,
943 2096 1025 2147 καὶ
1047 2094 1226 2163 ἰχθύας
1253 2097 1507 2150 σιτέονται
1528 2096 1713 2164 ὠμοὺς,

140 2172 259 2227 τοὺς
283 2170 514 2243 αἱρέουσι
551 2173 606 2225 ἐκ
639 2173 837 2226 πλοίων
872 2172 1160 2239 καλαμίνων
1184 2175 1512 2241 ὁρμεῶμενοι.
1556 2174 1712 2225 καλά·
1733 2190 1760 2229 4

137 2272 238 2319 μου
265 2251 320 2303 δὲ
356 2248 410 2304 ἓν
443 2252 570 2321 γόνυ
603 2252 788 2304 πλοῖον
828 2249 1046 2303 ἕκαστον
1084 2250 1324 2303 ποιέεται.
1368 2249 1509 2303 οὗτοι
1533 2251 1627 2317 μὲν
1653 2250 1715 2317 δὴ

140 2333 242 2381 τῶν
265 2326 437 2381 Ἰνδῶν
460 2328 715 2397 φορέουσι
747 2327 940 2394 ε’σθῆτα
974 2321 1214 2396 φλοΐνην·
1258 2325 1335 2395 ἦν,
1366 2328 1517 2381 ε’πεὰν
1543 2328 1599 2379 ἐκ
1624 2330 1717 2379 τοῦ

141 2408 372 2473 ποταμοῦ
398 2407 573 2475 φλοῦν
599 2404 840 2473 ἀμήσωσι
869 2406 949 2458 καὶ
976 2406 1207 2475 κόψωσι,
1237 2406 1295 2458 τὸ
1323 2404 1551 2458 ἐνθεῦτεν
1577 2407 1710 2475 φορ-

135 2479 238 2547 μοῦ
263 2479 456 2547 τρόπον
481 2485 898 2552 καταπλέξαντες,
921 2485 989 2539 ὧς
1010 2484 1207 2556 θώρηκα
1224 2483 1531 2539 ε’νδυνέουσι.
1568 2483 1701 2540 ''AR-
1734 2480 1814 2537 99

134 2560 224 2612 λοι
257 2556 315 2611 δὲ
351 2562 452 2613 τῶν
487 2557 661 2617 Ἰνδῶν
696 2561 826 2631 πρὸς
863 2560 936 2631 ἠῶ
974 2563 1219 2621 οἰκέοντες
1256 2561 1463 2629 τούτων,
1491 2566 1703 2636 νομάδες
