1975 2892
518 121 559 166 E
576 121 717 167 ΥΤΕ
730 120 1055 167 ΡΠΗ.-ιι.
1086 119 1262 182 87-92·
1574 113 1687 167 165

90 235 257 302 κάρτα
304 232 521 302 μεγάλα·
578 232 665 287 ε’πὶ
707 235 763 286 δὲ
802 235 1006 288 αὐτοῖσι
1049 235 1338 305 ἀνδριάντες
1375 235 1466 290 δύο
1499 239 1689 290 έστᾶσι

88 312 289 364 λίθινοι
328 313 564 380 μεγάλοι.
616 311 671 364 ἐν
706 312 762 365 δὲ
804 316 874 386 τῷ
914 315 1337 386 περιβεβλημένῳ
1373 314 1536 388 τούτῳ
1573 318 1690 382 νηός
1713 331 1736 369 8

90 411 151 442 τε
180 389 275 449 ἔνι,
300 390 381 441 καὶ
406 388 611 458 ἄγαλμα
638 390 692 442 ε’ν
711 390 848 463 αὐτῷ
874 390 1112 458 ἐνέστηκε
1137 395 1230 444 τοῦ
1252 394 1501 462 Περσέος.
1547 392 1689 446 οὗτοι
1712 407 1738 446 4

93 469 146 520 οἳ
191 468 441 534 Χεμμῖται
474 467 693 537 λέγουσι
724 469 813 521 τὸν
838 467 1048 538 Περσέα
1084 470 1310 521 πολλάκι
1351 471 1444 536 μὲν
1469 471 1563 524 ἀνὰ
1599 471 1692 538 τὴν

92 548 197 616 γῆν
222 543 503 613 φαίνεσθαί
544 547 664 614 σφι,
692 547 919 600 πολλάκι
955 547 1011 600 δὲ
1039 548 1144 599 ἔσω
1181 550 1274 598 τοῦ
1317 548 1448 616 ἱροῦ.
1495 550 1684 602 σανδά·

95 625 217 676 λιόν
242 644 301 676 τε
326 622 481 675 αὐτοῦ
507 624 865 694 πεφορημένον
891 624 1241 694 εὑρίσκεσθαι,
1272 625 1358 678 ἐὸν
1381 628 1442 678 τὸ
1466 626 1688 696 μέγαθος

98 702 313 770 δίπηχυ·
370 702 429 753 τὸ
471 701 623 755 ε’πεὰν
662 704 821 771 φανῇ,
870 701 1123 769 εὐθηνέειν
1162 704 1369 757 ἅπασαν
1410 701 1686 775 Αἴγυπτον.

98 782 262 833 ταῦτα
286 778 380 846 μὲν
402 777 641 850 λέγουσι.
682 784 891 833 ποιεῦσι
920 781 975 833 δὲ
1003 782 1124 834 τάδε
1149 781 1427 848 Ἑλληνικὰ
1453 784 1524 855 τῷ
1552 791 1686 852 Περ·
1714 798 1740 839 8

102 858 207 911 σέῖ·
250 856 421 927 ἀγῶνα
444 861 687 928 γυμνικὸν
712 857 899 911 τιθεῖσι
928 860 1012 912 διὸ
1037 861 1209 926 πάσης
1243 860 1459 930 ἀγωνίης
1485 861 1688 930 ἔχοντα·

98 936 415 1007 παρέχοντες
440 935 619 997 ἄεθλα,
650 934 829 1004 κτήνεα
865 939 947 990 καὶ
981 937 1198 1006 χλαίνας
1223 939 1304 990 καὶ
1332 939 1571 1008 δέρματα.
1616 938 1686 991 εἶ·
1721 952 1746 993 6

97 1014 321 1085 ρομένου
348 1013 407 1066 δέ
437 1035 532 1082 μευ
560 1013 589 1066 ὅ
615 1035 663 1066 τι
692 1016 797 1083 σφι
831 1013 1070 1082 μούνοισι
1101 1015 1228 1068 ἔωθε
1253 1018 1282 1068 ὁ
1311 1017 1544 1086 Περσεὺς
1579 1017 1688 1070 ἐπι-

101 1089 403 1161 φαίνεσθαι,
432 1093 514 1144 καὶ
540 1091 571 1144 ὅ
596 1113 645 1145 τι
682 1093 1017 1162 κεχωρίδαται
1052 1093 1342 1164 Αἰγυπτίων
1367 1099 1467 1146 τῶν
1493 1094 1688 1156 ἄλλων,

104 1171 281 1241 ἀγῶνα
318 1172 561 1240 γυμνικὸν
598 1171 838 1232 τιθέντες,
867 1172 1072 1240 ἔφασαν
1101 1176 1136 1197 “
1155 1173 1244 1224 τὸν
1270 1172 1477 1242 Περσέα
1513 1172 1568 1224 ἐκ
1604 1175 1689 1240 τῆς

105 1251 311 1302 ἑωυτῶν
334 1251 521 1302 πόλιος
546 1249 827 1319 γεγονέναι·
871 1251 961 1302 τὸν
983 1250 1086 1320 γὰρ
1115 1251 1311 1302 Δαναὸν
1331 1251 1413 1303 καὶ
1438 1252 1528 1303 τὸν
1555 1259 1690 1320 Λυγ·

107 1327 217 1387 κέα,
248 1326 421 1380 ἐόντας
455 1328 726 1394 Χεμμίτας,
756 1325 1024 1380 ἐκπλῶσαι
1061 1327 1114 1382 ἐς
1149 1327 1240 1395 τὴν
1264 1325 1548 1380 Ἐλλάδα.”
1593 1329 1692 1381 ἀπὸ
1718 1341 1742 1383 7

106 1406 165 1458 δὲ
208 1402 401 1457 τούτων
437 1403 869 1475 γενεηλογέοντες,
905 1405 1202 1468 κατέβαινον
1242 1405 1294 1460 ἐς
1332 1407 1423 1458 τὸν
1463 1405 1691 1475 Περσέα.

108 1487 147 1510 “
166 1483 470 1550 ἀπικόμενον
495 1483 552 1535 δὲ
588 1483 740 1536 αὐτὸν
767 1483 820 1537 ἐς
852 1481 1132 1552 Αἴγυπτον,
1161 1481 1266 1534 κατ’
1307 1482 1470 1549 αἰτίην
1496 1483 1588 1550 τὴν
1614 1485 1696 1536 καὶ
1717 1496 1742 1537 8

97 1559 356 1624 Ἕλληνες
395 1560 630 1631 λέγουσι,
660 1558 873 1614 οἴσοντα
912 1559 969 1612 ἐκ
1009 1558 1200 1626 Λιβύης
1233 1560 1326 1628 τὴν
1353 1563 1579 1630 Γοργοῦς
1613 1581 1693 1612 κε·

108 1638 291 1708 φαλὴν
329 1639 551 1707 ἔφασαν,
581 1638 753 1691 ε’λθεῖν
788 1640 870 1691 καὶ
903 1639 1044 1708 παρὰ
1085 1637 1272 1706 σφέας,
1303 1638 1384 1690 καὶ
1420 1637 1696 1708 ἀναγνῶναι

109 1715 233 1770 τοὺς
260 1717 538 1787 συγγενέας
560 1717 769 1771 πάντας·
812 1715 1192 1784 ἐκμεμαθηκότα
1218 1716 1277 1769 δέ
1313 1737 1400 1783 μιν
1424 1715 1697 1768 ἀπικέσθαι

111 1793 168 1848 ές
205 1791 463 1864 Αἴγυπτον
486 1796 547 1847 τὸ
584 1797 674 1862 τῆς
709 1793 931 1862 Χέμμιος
970 1796 1177 1863 οὔνομα,
1206 1792 1534 1862 πεπυσμένον
1557 1795 1696 1865 παρὰ

113 1874 207 1940 τῆς
231 1874 437 1941 μητρός·
482 1873 653 1944 ἀγῶνα
686 1873 745 1926 δέ
770 1873 819 1925 οἱ
853 1875 1112 1944 γυμνικὸν,
1141 1872 1298 1926 αὐτοῦ
1338 1870 1696 1935 κελεύσαντος,

114 1947 457 2004 ἐπιτελέειν.”

188 2030 359 2080 Ταῦτα
396 2029 491 2097 μὲν
526 2031 692 2084 πάντα
717 2031 766 2084 ol
797 2029 1076 2102 κατύπερθε
1108 2036 1210 2086 τῶν
1247 2027 1405 2082 ἐλέων
1440 2025 1684 2081 οἰκέοντες
1719 2025 1796 2078 92

115 2104 385 2170 Αἰγύπτιοι
426 2110 709 2173 νομίζουσι.
764 2111 813 2163 01
854 2110 912 2164 δὲ
956 2111 1018 2172 δὴ
1056 2111 1110 2166 ἐν
1144 2112 1282 2163 τοῖσι
1325 2106 1480 2160 ἕλεσι
1515 2124 1684 2158 κατοι-
1718 2115 1744 2153 2

108 2176 331 2244 κημένοι,
359 2181 499 2230 τοῖσι
538 2181 631 2246 μὲν
664 2179 867 2234 αὐτοῖσι
907 2179 1112 2248 νόμοισι
1146 2179 1395 2249 χρέωνται
1435 2187 1574 2236 τοῖσι
1611 2185 1692 2238 καὶ

108 2256 161 2307 οἱ
200 2253 357 2308 ἄλλοι
384 2254 670 2327 Αἰγύπτιοι·
716 2258 797 2310 καὶ
833 2259 899 2312 τὰ
924 2257 1082 2317 ἅλλα,
1115 2259 1195 2311 καὶ
1228 2260 1426 2329 γυναικὶ
1459 2263 1550 2328 μιῇ
1577 2259 1690 2314 ἕκα-

111 2353 239 2386 στος
278 2333 443 2386 αὐτῶν
482 2335 749 2397 συνοικέει,
793 2337 1015 2405 κατάπερ
1041 2335 1314 2401 Ἕλληνες.
1375 2336 1534 2410 ’Aa-&p
1567 2341 1694 2407 πρὸς
1715 2357 1740 2398 8

110 2409 371 2477 εὐτελείην
408 2417 509 2465 τῶν
544 2412 725 2466 σιτίων
755 2415 877 2467 τάδε
904 2414 1010 2482 σφι
1040 2413 1180 2466 ἄλλα
1219 2411 1498 2482 ἐξεύρηται.
1543 2416 1694 2470 ἐπεὰν
1714 2431 1740 2472 4

110 2486 311 2559 πλήρης
351 2489 554 2560 γένηται
607 2494 637 2544 ὁ
682 2493 928 2559 ποταμὸς,
974 2492 1057 2544 καὶ
1101 2492 1166 2543 τὰ
1210 2491 1361 2544 πεδία
1411 2494 1692 2564 πελαγίσῃ.

113 2564 301 2637 φύεται
322 2567 377 2620 ὃν
400 2573 473 2642 τῷ
499 2565 644 2622 ὕδατι
664 2568 835 2640 κρίνεα
858 2569 1056 2636 πολλὰ,
1078 2569 1142 2622 τὰ
1157 2564 1430 2641 Δίγῦπτιοι
1449 2571 1696 2625 καλέουσι
