1975 2892
451 121 896 168 MEAHOMEN
912 123 1153 168 H.—1v.
1184 121 1359 184 85-89.
1582 115 1695 172 347

111 184 173 222 01.
193 185 254 224 6⁶.
269 183 408 222 2—68.
427 185 490 232 2.]

111 241 282 292 ὀπίσω
311 239 394 292 ἐπὶ
433 239 524 306 τὴν
556 237 806 309 γέφυραν,
836 240 926 306 τῆς
959 238 1271 310 ἀρχιτέκτων
1304 239 1505 311 ἐγένετο
1546 249 1691 293 Μαν-

111 318 356 387 δροκλέης
401 317 604 384 Σάμιος.
674 315 990 384 θηησάμενος
1037 318 1093 369 δὲ
1140 319 1222 370 καὶ
1265 319 1355 370 τὸν
1400 319 1687 388 Βόσπορον,
1711 333 1737 373 2

111 394 309 463 στήλας
355 396 546 460 ἔστησε
593 391 683 446 δύο
728 393 804 447 ἐπ’
845 394 980 466 αὐτῷ
1026 393 1177 446 λίθου
1220 397 1424 455 λευκοῦ,
1470 397 1693 462 ἐνταμὼν

107 475 395 542 γράμματα,
427 473 479 526 ές
516 471 609 539 μὲν
648 471 740 538 τὴν
776 470 1054 541 Ἀσσύρια,
1086 472 1137 526 ἐς
1177 473 1233 525 δὲ
1272 472 1363 540 τὴν
1395 472 1689 540 Ἑλληνικὰ,

109 551 258 603 ἔθνεα
281 552 444 604 πάντα
471 548 669 618 ὅσαπερ
695 547 806 620 ἦγε·
849 547 943 620 ἦγε
979 550 1035 602 δὲ
1066 551 1231 604 πάντα
1255 555 1357 602 τῶν
1380 547 1527 620 ἦρχε.
1569 550 1685 604 τοὺ·
1713 565 1737 604 8

77 649 85 653 ·
109 649 211 680 των
235 629 474 698 μυριάδες
501 625 928 696 ἐξηριθμήθησαν,
957 629 1117 696 χωρὶς
1141 631 1235 679 τοῦ
1262 632 1511 692 ναυτικοῦ,
1536 630 1687 692 ἑβδο-

105 705 330 774 μήκοντα
355 705 454 758 σὺν
482 707 711 758 ἱππεῦσι·
757 705 864 759 νέες
896 706 951 758 δὲ
988 705 1251 771 ἑξακόσιαι
1278 707 1685 774 συνελέχθησαν.

107 788 242 851 Τῇσι
267 785 360 852 μέν
387 805 475 836 νυν
502 780 731 850 στήλῃσι
756 781 974 850 ταύτῃσι
1003 785 1281 848 Βυζάντιοι,
1311 784 1611 851 κομίσαντες
1638 785 1689 841 ἐς
1710 797 1737 836 4

106 862 200 930 τὴν
233 865 386 914 πόλιν
420 858 641 929 ὕστερον
675 860 884 922 τούτων,
914 860 1201 931 ἐχρήσαντο
1236 863 1365 931 πρὸς
1401 864 1489 915 τὸν
1513 864 1691 930 βωμὸν

106 942 198 1008 τῆς
232 938 520 1009 Ὀρθωσίης
553 938 866 1008 Ἀρτέμιδος,
896 939 1056 1009 χωρὶς
1092 942 1202 994 ἑνὸς
1234 940 1404 992 λίθου·
1448 939 1598 995 οὗτος
1633 941 1689 993 δὲ

28 1025 31 1050 ¹
107 1018 419 1086 κατελείφθη
445 1017 584 1086 παρὰ
621 1020 714 1068 τοῦ
755 1014 1013 1070 Διονύσου
1051 1018 1140 1070 τὸν
1180 1019 1299 1083 νηὸν
1334 1018 1387 1070 ἐν
1414 1019 1685 1090 Βυζαντίῳ,

103 1097 414 1166 γραμμάτων
465 1092 760 1163 Ἀσσυρίων
809 1095 986 1149 πλέος.
1070 1099 1171 1148 Τοῦ
1225 1095 1283 1148 δὲ
1334 1099 1607 1165 Βοσπόρου
1659 1099 1687 1149 ὁ
1710 1107 1735 1146 δ

28 1223 30 1232 1
103 1179 276 1243 χῶρος
314 1175 403 1226 τὸν
443 1173 614 1238 ἔζευξε
657 1172 910 1236 βασιλεὺς
953 1175 1184 1242 Δαρεῖος,
1226 1174 1296 1228 ὧς
1341 1173 1452 1241 ε’μοὶ
1498 1173 1689 1227 δοκέειν

28 1245 31 1278 ³
107 1251 542 1324 συμβαλλομένῳ,
583 1250 747 1319 μέσον
787 1251 902 1303 ε’στὶ
942 1251 1217 1315 Βυζαντίου
1256 1273 1313 1303 τε
1352 1253 1432 1304 καὶ
1471 1255 1563 1304 τοῦ
1603 1253 1689 1305 ἐπὶ

106 1331 325 1396 στόματι
353 1330 484 1398 ἱροῦ.
696 1331 910 1398 Δαρεῖος
949 1329 1006 1381 δὲ
1044 1329 1173 1396 μετὰ
1206 1332 1379 1388 ταῦτα,
1415 1327 1592 1395 ἡσθεὶς
1626 1334 1689 1396 τῇ
1713 1331 1787 1384 88

107 1408 313 1476 σχεδίῃ,
343 1409 430 1460 τὸν
465 1407 796 1476 ἀρχιτέκτονα
830 1406 983 1473 αὐτῆς
1020 1405 1357 1476 Μανδροκλέα
1386 1408 1475 1458 τὸν
1501 1409 1687 1472 Σάμιον

28 1463 31 1574 Ι
105 1483 401 1554 ἐδωρήσατο
427 1487 560 1539 πᾶσι
586 1485 723 1537 δέκα.
767 1482 851 1536 ἀπ’
881 1483 950 1536 ὧν
970 1483 1031 1550 δὴ
1054 1483 1414 1552 Μανδροκλέης
1432 1483 1683 1553 ἀπαρχὴν,
1709 1495 1733 1534 2

28 1575 30 1594 ²
105 1564 210 1628 ζῶα
234 1563 565 1633 γραψάμενος
603 1565 778 1616 πᾶσαν
817 1562 909 1629 τὴν
949 1561 1115 1626 ζεῦξιν
1152 1565 1244 1613 τοῦ
1284 1564 1575 1631 Βοσπόρου,
1605 1563 1687 1615 καὶ

102 1639 332 1706 βασιλέα
376 1662 434 1693 τε
479 1643 694 1710 Δαρεῖον
739 1641 794 1693 ἐν
837 1639 1083 1709 προεδρίῃ
1130 1636 1421 1705 κατήμενον,
1471 1640 1553 1692 καὶ
1597 1641 1687 1692 τὸν

107 1719 330 1788 στρατὸν
355 1718 510 1772 αὐτοῦ
537 1717 878 1782 διαβαίνοντα,
909 1719 1066 1770 ταῦτα
1099 1716 1449 1787 γραψάμενος,
1478 1717 1686 1784 ἀνέθηκε

103 1797 160 1851 ἐς
184 1798 244 1849 τὸ
263 1795 500 1867 Ἥραιον,
529 1796 824 1867 ἐπιγράψας
849 1796 992 1848 τάδε’

235 1889 480 1948 Βόσπορον
501 1881 755 1948 ἰχθυόεντα
774 1887 1055 1948 γεφυρώσας
1077 1887 1275 1942 ἀνέθηκε
1715 1892 1741 1934 ⁸

300 1947 636 2012 Μανδροκλέης
646 1947 773 2012 ’Ἥρῃ
795 1947 1097 2008 μνημόσυνον
1118 1947 1336 2010 σχεδίης·

225 2011 362 2074 Αὑτῷ
382 2011 471 2073 μὲν
494 2010 733 2074 στέφανον
754 2013 972 2074 περιθεὶς,
994 2014 1211 2072 Σαμίοισι
1234 2010 1284 2060 δὲ
1306 2014 1458 2072 κῦδος,

297 2076 498 2138 Δαρείου
519 2074 747 2132 βασιλέος
769 2074 1029 2124 ἐκτελέσας
1050 2075 1173 2124 κατὰ
1196 2078 1317 2125 νοῦν.

105 2185 262 2236 ταῦτα
300 2181 394 2250 μέν
433 2203 520 2235 νυν
557 2185 648 2234 τοῦ
688 2178 952 2250 ζεύξαντος
992 2179 1084 2247 τὴν
1120 2179 1352 2250 γέφυραν
1389 2182 1689 2248 μνημόσυνα
1706 2195 1733 2235 4

105 2263 326 2332 ἐγένετο.
701 2298 708 2304 -

186 2342 395 2409 Δαρεῖος
447 2339 503 2392 δὲ
556 2337 911 2408 δωρησάμενος
963 2335 1315 2406 Μανδροκλέα,
1360 2335 1579 2399 διέβαινε
1631 2335 1683 2390 ἐς
1708 2343 1785 2396 89

105 2418 197 2484 τὴν
236 2419 498 2484 Εὐρώπην,
540 2419 676 2470 τοῖσι
703 2415 854 2470 Ἴωσι
907 2416 1255 2483 παραγγείλας
1292 2415 1467 2468 πλέειν
1506 2415 1558 2469 ἐς
1596 2415 1685 2467 τὸν

102 2496 319 2551 Πόντον,
347 2491 500 2560 μέχρι
513 2490 727 2558 Ἴστρου
761 2491 1011 2554 ποταμοῦ·
1055 2489 1207 2540 ἐπεὰν
1238 2488 1293 2542 δὲ
1328 2489 1603 2542 ἀπίκωνται
1629 2489 1683 2543 ἐς

101 2573 193 2626 τὸν
217 2566 448 2640 Ἴστρον,
477 2565 692 2622 ἐνθαῦτα
729 2566 882 2620 αὐτὸν
919 2565 1219 2638 περιμένειν,
1258 2563 1555 2638 ζευγνύντας
1591 2566 1681 2620 τὸν
