1975 2892
386 94 1097 142 ΜΕΛΠοΜΕΝΗΗ-ιν
1132 91 1369 154 13²·136·
1564 86 1676 146 367

77 157 159 194 οι.
179 156 241 194 σσ.
263 155 394 196 ι-οε.
397 158 471 226 2.]

89 218 137 260 1
141 206 342 278 ωβρύης
369 203 503 261 εἶπαι
534 208 650 279 περὶ
685 212 785 260 τῶν
811 208 1064 260 Σκυθικῶν
1090 208 1265 278 δώρων
1290 205 1471 281 ὀρθῶς.
1514 206 1583 261 ὥς
1608 206 1677 258 ὧν
1695 228 1729 272 ³·

89 284 261 339 οῧτως
288 289 379 352 ἤδη
408 287 680 338 δοκεόντων
707 307 789 338 και
814 286 949 358 αὐτῷ
972 306 1060 352 μοι
1072 287 1241 384 fxew,
1262 288 1459 353 βουλῆς
1486 285 1677 382 ἀγαθῆς

93 363 255 423 δεῖ,”
226 384 354 418 οκως
393 363 674 432 ἀσφαλέως
713 363 742 430 ἦ
785 365 961 432 κομιδὴ
1006 363 1120 430 ἡμῖν
1158 365 1305 417 ἔσται
1345 365 1405 416 τὸ
1445 364 1633 416 ὀπίσω.

91 443 243 535 Πρὸς
277 444 434 494 ταῦτα
469 439 710 511 Γωβρύης
746 437 871 494 εἶπε·
919 447 954 467 “
963 437 1033 493 Ὠ
1068 444 1310 506 βασιλεῦ,
1350 443 1451 513 ἐγὼ
1488 443 1721 510 σχεδὸν6

92 520 195 587 μὲν
221 520 302 571 καὶ
336 521 476 591 λόγω
513 516 802 587 ἠπιστάμην
836 517 1029 572 τούτων
1064 524 1163 572 τῶν
1197 521 1391 590 ἀνδρῶν
1425 520 1516 587 τὴν
1550 521 1677 572 ἀπο·

93 596 231 667 ρίην·
276 597 441 650 ἐλθὼν
469 598 542 658 δὲ,
570 600 774 664 μᾶλλον
809 597 1071 665 ἐξέμαθον,
1100 598 1259 668 ὁρέων
1290 598 1471 654 αὐτούς
1498 599 1677 665 ἐμπαί-

99 676 281 739 ζοντας
326 673 460 741 ἡμῖν.
545 678 654 728 Νῦν
694 674 763 727 ὧν
799 697 888 742 μοι
929 677 1108 735 δοκέει,
1155 676 1279 742 ἐπὴν
1324 677 1547 744 τάχιστα
1589 676 1718 741 νὺξτ

99 751 314 845 ε’πέλθη,
346 749 683 808 ἐκκαύσαντας
720 753 786 804 τὰ
821 755 974 824 πυρὰ,
1008 755 1074 808 ὧς
1114 755 1194 806 καὶ
1231 754 1422 806 ἄλλοτε
1458 755 1681 820 ἐώθαμεν

96 831 311 890 ποιέειν,
356 835 456 882 τῶν
499 831 848 900 στρατιωτέων
889 832 1008 886 τοὺς
1050 830 1457 887 ἀσθενεστάτους
1498 833 1550 886 ἐς
1592 833 1682 887 τὰς

97 908 448 978 ταλαιπωρίας
499 907 931 976 ἐξαπατήσαντας,
987 911 1071 962 καὶ
1128 909 1245 964 τοὺς
1297 909 1442 965 ὅνους
1493 913 1683 964 πάντας

101 985 502 1052 καταδήσαντας,
556 986 1016 1048 ἀπαλλάσσεσθαι,
1069 988 1191 1057 πρὶν
1242 985 1271 1054 ἢ
1325 989 1407 1040 καὶ
1460 989 1543 1042 ε’πὶ
1594 991 1684 1042 τὸν

87 1061 308 1134 Ἴστρον
335 1061 510 1116 ἶθύσαι
536 1062 728 1118 Σκύθας
766 1062 1023 1119 λύσοντας
1058 1065 1149 1131 τὴν
1172 1064 1421 1135 γέφυραν,
1450 1066 1480 1135 ἢ
1522 1067 1606 1119 καί
1634 1087 1683 1118 τι

88 1139 249 1192 Ἴωσι
295 1141 440 1207 δόξαι
485 1144 544 1194 τὸ
593 1140 744 1208 ἡμέας
788 1138 896 1194 οἷόν
935 1165 993 1196 τε
1040 1145 1186 1196 ἔσται
1239 1141 1680 1214 ἔξεργάσασθαι.”

103 1217 352 1288 Γωβρύης
385 1220 478 1287 μὲν
512 1223 670 1272 ταῦτα
705 1219 1068 1284 συνεβούλευε.
1309 1224 1453 1275 Μετὰ
1488 1224 1563 1282 δε,
1593 1221 1683 1288 νύξ
1703 1229 1813 1283 135

103 1319 164 1348 τε
191 1293 407 1367 εγένετο,
444 1297 525 1349 καὶ
561 1301 774 1366 Δαρεῖος
813 1298 1001 1369 ἐχρᾶτο
1042 1303 1103 1366 τῇ
1138 1301 1312 1371 γνώμῃ
1348 1299 1523 1366 ταύτῃ.
1567 1301 1685 1356 τοὺς

104 1397 200 1443 μεν
247 1375 560 1445 καματηροὺς
611 1380 710 1428 τῶν
761 1376 971 1446 ἀνδρῶν,
1021 1379 1103 1429 καὶ
1154 1384 1254 1430 τῶν
1298 1375 1359 1444 ἦν
1408 1377 1687 1446 ελάχιστος

106 1453 478 1521 ἀπολλυμένων
503 1456 678 1523 λόγος,
708 1455 788 1506 καὶ
824 1455 942 1509 τοὺς
977 1454 1125 1510 ὅνους
1157 1457 1347 1510 πάντας
1379 1455 1683 1523 καταδήσας,

109 1532 351 1584 κατέλιπε
386 1531 541 1583 αὐτοῦ
580 1529 734 1598 ταύτῃ
762 1531 816 1584 ἐν
849 1537 921 1605 τῷ
958 1536 1309 1605 στρατοπέδῳ.
1355 1535 1599 1586 κατέλιπε
1630 1536 1683 1588 δὲ
1701 1551 1725 1589 2

109 1607 229 1663 τούς
269 1631 326 1662 τε
365 1608 512 1664 ὄνους
551 1609 634 1660 καὶ
672 1610 792 1664 τοὺς
831 1609 1076 1665 ἀσθενέας
1114 1613 1205 1678 τῆς
1246 1614 1505 1681 στρατιῆς,
1531 1614 1687 1665 τῶνδε

111 1699 312 1739 εινεκεν
359 1709 438 1740 ινα
463 1709 512 1739 οι
537 1709 632 1754 μεν
657 1685 762 1740 ὄνοι
797 1689 927 1756 βοὴν
960 1690 1297 1758 παρέχωνται,
1326 1711 1375 1742 οι
1411 1691 1465 1742 δε
1492 1691 1684 1772 ιινθρω-

109 1785 202 1818 ποι
241 1765 506 1832 ἀσθενείης
543 1766 636 1831 μὲν
676 1787 860 1818 εινεκεν
898 1769 1248 1826 κατελίποντο,
1290 1770 1587 1838 προφάσιος
1606 1745 1688 1821 δε

111 1844 273 1910 τῆσδε
312 1843 505 1910 δηλαδὴ
546 1843 696 1899 αὐτὸς
734 1845 826 1911 μὲν
865 1867 964 1898 συν
1002 1847 1073 1918 τῷ
1112 1845 1312 1918 καθαρῷ
1337 1849 1429 1898 τοῦ
1465 1850 1690 1916 στρατοῦ
1738 1893 1743 1898 ,

111 1919 456 1988 ἐπιθήσεσθαι
489 1922 676 1988 μέλλοι
715 1925 854 1976 τοῖσι
890 1923 1132 1990 Σκύθῃσι,
1162 1923 1302 1977 οὗτοι
1342 1925 1396 1977 δὲ
1432 1925 1493 1976 τὸ
1529 1946 1687 1995 στρα·

113 2001 329 2052 τόπεδον
353 2004 535 2052 τοῦτον
561 2001 650 2052 τὸν
667 2004 854 2070 χρόνον
877 2001 1104 2072 ῥυοίατο.
1148 2005 1305 2055 ταῦτα
1324 2005 1460 2055 τοῖσι
1480 2003 1687 2056 ύπολειω
1704 2019 1728 2057 8

113 2077 384 2143 πομένοισι
410 2077 718 2144 ὑποθέμενος
738 2081 767 2131 ὁ
787 2082 1015 2148 Δαρεῖος,
1046 2081 1127 2132 καὶ
1152 2081 1288 2149 πυρὰ
1314 2079 1579 2140 ἐκκαύσας,
1602 2081 1693 2148 τὴν

116 2156 368 2222 ταχίστην
406 2155 636 2224 ἐπείγετο
671 2156 882 2210 έπὶ’τὸν
895 2155 1128 2226 Ἴστρον.
1172 2159 1220 2208 οἶ
1248 2158 1302 2210 δὲ
1342 2157 1465 2219 ὄνοι,
1496 2157 1687 2228 ἔρημω-
1707 2171 1733 2210 4

119 2233 287 2288 θέντες
326 2237 417 2285 τοῦ
457 2235 661 2302 ὁμίλου,
691 2232 824 2286 οὕτω
863 2235 956 2302 μὲν
996 2235 1056 2301 δὴ
1099 2237 1302 2301 μᾶλλον
1338 2238 1523 2307 πολλῷ
1548 2233 1695 2288 ἵεσαν

118 2313 208 2378 τῆς
233 2313 424 2380 φωνῆς·
470 2311 778 2366 ἀκούσαντες
811 2313 868 2365 δὲ
903 2313 952 2363 οἱ
987 2310 1171 2366 Σκύθαι
1210 2318 1309 2366 τῶν
1344 2310 1489 2373 ὄνων,
1518 2316 1693 2384 πάγχυ
1738 2351 1746 2362 .

122 2390 245 2440 κατὰ
269 2391 442 2458 χώρην
467 2392 684 2458 ἤλπιζον
708 2389 827 2444 τοὺς
853 2392 1065 2459 Πέρσας
1090 2385 1231 2444 εἶναι.
1472 2391 1695 2462 Ἢμέρης
1716 2395 1827 2448 136

123 2468 177 2520 δὲ
202 2467 488 2538 γενομένης,
509 2470 714 2538 γνόντες
739 2469 788 2520 οἶ
815 2467 1216 2536 ὑπολειφθέντες
1242 2469 1309 2523 ὣς
1332 2471 1694 2540 προδεδομένοι

123 2541 222 2600 εἷεν
246 2545 346 2600 ὑπὸ
373 2545 607 2617 Δαρείου,
627 2547 804 2616 χεῖράς
828 2566 884 2599 τε
909 2544 1261 2616 προετείνοντο
1286 2551 1425 2601 τοῖσι
1451 2548 1693 2616 Σκύθῃσι,
