1975 2892
144 161 257 212 6η]
529 106 1060 153 ΕΥΤΕΡΠΗ.-·11.
1095 119 1326 170 ¹47·149·
1603 98 1711 152 201

147 238 257 285 ωρα
296 213 373 268 ἐπ’
402 214 657 275 ἐκείνοισι,
687 217 956 286 τρισχίλια
995 215 1227 285 ἀριθμὸν,
1255 215 1603 269 πεντακοσίων
1642 213 1723 266 καὶ

145 293 334 362 χιλίων
373 294 601 362 ἑκάτερα.
657 294 723 346 τὰ
762 293 856 361 μέν
894 315 983 346 νυν
1024 294 1250 363 μετέωρα
1295 298 1396 346 τῶν
1441 292 1724 359 οἶκημάτων

145 371 295 423 αὐτοί
319 392 375 423 τε
402 369 612 439 ὁρέομεν
638 371 926 435 διεξιόντες,
958 371 1041 422 καὶ
1067 370 1210 423 αὐτοὶ
1237 369 1540 438 θεησάμενοι
1565 369 1721 438 λέγο-

144 461 257 516 μεν·
308 449 373 500 τὰ
411 448 467 500 δὲ
506 447 671 501 αὐτῶν
710 448 931 516 ὑπόγαια
970 449 1182 518 λόγοισι
1227 446 1618 515 ἐπυνθανόμεθα.
1674 447 1724 498 οἱ
1736 464 1760 504 5

143 527 247 596 γὰρ
276 526 585 580 ἐπεστεῶτες
611 530 711 578 τῶν
738 524 1028 594 Αἰγυπτίων
1055 523 1300 578 δεικνύναι
1335 525 1461 577 αὐτὰ
1495 525 1726 591 οὐδαμῶς

146 603 353 670 ἤθελον,
383 604 605 672 φάμενοι
644 601 799 670 θῆκας
838 601 1013 654 αὐτόθι
1053 597 1178 655 εἶναι
1216 608 1317 655 τῶν
1351 623 1408 654 τε
1443 601 1608 672 ἀρχὴν
1637 603 1726 652 τὸν

147 679 463 750 λαβύρινθον
487 684 669 733 τοῦτον
696 679 1174 747 οἰκοδομησαμένων
1205 679 1488 744 βασιλέων,
1518 679 1600 731 καὶ
1626 683 1727 730 τῶν

150 759 273 828 ῐρῶν
298 759 651 828 κροκοδείλων.
708 754 841 810 οὕτω
878 763 978 812 τῶν
1003 758 1096 825 μὲν
1122 759 1256 811 κάτω
1289 758 1409 824 πέρι
1444 756 1764 824 οἷκημάτωνσ

149 835 279 904 ἀκοῇ
301 838 690 906 παραλαβόντες
715 834 951 904 λέγομεν·
997 835 1060 888 τὰ
1086 835 1143 888 δὲ
1169 835 1289 896 ἅνω,
1317 835 1502 902 μέζονα
1527 834 1721 904 ἀνθρω-

146 909 312 980 πηΐων
338 914 518 984 ἔργων,
548 913 691 965 αὐτοὶ
720 914 946 982 ὁρέομεν.
1005 910 1060 965 αἵ
1091 934 1148 965 τε
1182 914 1282 984 γὰρ
1309 913 1479 978 ἔξοδοι
1516 913 1600 966 διὰ
1625 917 1724 964 τῶν
1740 923 1764 967 ἶ

152 991 395 1062 στεγέων,
418 991 500 1043 καὶ
528 993 577 1042 οἱ
604 991 806 1061 ἑλιγμοὶ
832 991 916 1043 διὰ
941 996 1041 1044 τῶν
1066 989 1261 1044 αὐλέων
1287 991 1454 1046 ἐόντες
1479 992 1724 1044 ποικιλώ-

96 1136 101 1141 .
150 1090 313 1129 τατοι,
344 1068 519 1136 θῶυμα
543 1069 723 1138 μυρίον
748 1069 1034 1138 παρέχοντο
1063 1068 1122 1134 ἐξ
1152 1068 1313 1136 αὐλῆς
1337 1089 1393 1120 τε
1421 1069 1471 1124 ἐς
1498 1069 1562 1120 τὰ
1589 1065 1724 1134 οίκή-

150 1167 287 1214 ματα
320 1146 588 1212 διεξιοῦσι,
619 1147 701 1198 καὶ
736 1146 791 1198 ἐκ
826 1151 926 1200 τῶν
960 1145 1243 1213 οἰκημάτων
1279 1147 1330 1202 ἐς
1363 1146 1646 1206 παστάδας,
1675 1145 1728 1200 ἐς

152 1223 345 1294 στέγας
370 1245 425 1276 τε
452 1224 617 1278 ἄλλας
644 1224 699 1276 ἐκ
724 1229 825 1277 τῶν
849 1225 1144 1284 παστάδων,
1174 1224 1256 1276 καὶ
1291 1224 1343 1278 ἐς
1375 1223 1537 1278 αὐλὰς
1562 1222 1728 1275 ἄλλας

150 1301 212 1354 ἐκ
253 1306 353 1354 τῶν
392 1301 692 1371 οἰκημάτων.
748 1301 919 1371 ὀροφὴ
956 1303 1014 1354 δὲ
1051 1303 1252 1355 πάντων
1292 1299 1500 1360 τούτων,
1538 1299 1724 1365 λιθίνη,
1743 1314 1768 1354 8

152 1379 379 1449 κατάπερ
404 1380 453 1431 οἶ
486 1381 673 1447 τοῖχοι·
716 1381 765 1431 οἱ
800 1381 856 1432 δὲ
892 1381 1081 1447 τοῖχοι,
1109 1377 1281 1433 τύπων
1309 1376 1727 1447 ἐγγεγλυμμένων

150 1455 325 1512 πλέοι.
382 1456 509 1524 αὐλὴ
547 1457 603 1510 δὲ
640 1458 848 1523 ἑκάστη,
875 1457 1208 1527 περίστυλος,
1235 1455 1388 1508 λίθου
1421 1457 1608 1507 λευκοῦ
1634 1459 1726 1523 ἁρ-

153 1532 417 1604 μοσμένου
443 1535 507 1587 τὰ
530 1536 778 1603 μάλιστα.
834 1536 923 1601 τῆς
960 1534 1016 1586 δὲ
1050 1533 1235 1603 γωνίης
1269 1535 1605 1586 τελευτῶντος
1637 1535 1770 1586 τοῦθ

152 1612 473 1683 λαβυρίνθου
508 1615 679 1682 ἔχεται
714 1614 933 1682 πυραμὶς
966 1612 1539 1681 τεσσερακοντόργυιος,
1577 1609 1632 1661 ἐν
1669 1615 1730 1676 τῇ

156 1693 261 1756 ζῶα
302 1692 504 1762 μεγάλα
545 1691 905 1762 ἐγγέγλυπται·
963 1689 1082 1744 ὁδὸς
1125 1684 1169 1742 δ’
1211 1688 1264 1744 ἐς
1303 1686 1458 1755 αὐτὴν
1495 1687 1595 1741 ὑπὸ
1635 1689 1731 1756 γῆν

153 1768 445 1835 πεποίηται.
892 1771 897 1774 ’

240 1847 343 1896 Τοῦ
388 1843 445 1897 δὲ
490 1842 802 1911 λαβυρίνθου
846 1840 1029 1896 τούτου
1077 1843 1247 1898 ἐόντος
1290 1838 1542 1902 τοιοῦτου,
1591 1841 1720 1897 θῶυ-
1753 1841 1866 1896 149

162 1943 235 1989 μα
272 1920 423 1990 μέζον
456 1919 732 1991 παρέχεται
767 1920 797 1987 ἡ
838 1921 1054 1993 Μοίριος
1093 1920 1366 1990 καλεομένη
1401 1922 1572 1990 λίμνη.
1606 1920 1724 1992 παρ’

163 1997 226 2066 ἣν
250 2003 280 2053 ὁ
312 1999 621 2069 λαβύρινθος
654 1999 801 2054 οὗτος
836 2000 1176 2069 οἰκοδόμηται.
1219 2003 1309 2070 τῆς
1338 2001 1398 2054 τὸ
1423 2002 1724 2072 περίμετρον

161 2081 253 2145 τῆς
296 2079 538 2150 περιόδου
584 2079 689 2132 εἶσὶ
736 2079 937 2132 στάδιοι
989 2080 1250 2145 ἑξακόσιοι
1297 2081 1377 2132 καὶ
1422 2079 1723 2149 τρισχίλιοι,

162 2158 388 2225 σχοίνων
424 2155 663 2224 ἐξήκοντα
698 2157 901 2212 ἐόντων·
943 2155 1056 2211 ’ίσοι
1090 2159 1171 2210 καὶ
1206 2159 1358 2225 αὐτῆς
1384 2157 1641 2228 Αἰγύπτου
1667 2157 1726 2210 τὸ

159 2237 301 2306 παρὰ
336 2236 627 2290 θάλασσαν.
671 2235 834 2289 κέεται
868 2237 924 2289 δὲ
960 2237 1122 2305 μακρὴ
1159 2235 1190 2302 ἦ
1228 2237 1378 2304 λίμνη
1414 2237 1543 2305 πρὸς
1567 2237 1728 2303 βορῆν
1755 2247 1778 2286 2

156 2331 217 2362 τε
244 2310 327 2363 καὶ
362 2314 525 2373 νότον,
554 2311 715 2364 ἐοῦσα
751 2311 935 2376 βάθος,
962 2318 1024 2381 τῇ
1061 2312 1322 2379 βαθυτάτη
1363 2315 1486 2381 αὐτὴ
1529 2317 1734 2380 ἑωυτῆς,

154 2391 657 2458 πεντηκοντόργυιος.
702 2388 781 2442 ὅτι
808 2391 863 2443 δὲ
894 2391 1249 2460 χειροποίητός
1286 2391 1399 2444 ἐστι
1426 2393 1506 2444 καὶ
1533 2391 1733 2461 ὀρυκτὴ,
1753 2400 1779 2440 8

156 2464 285 2532 αὐτὴ
314 2466 481 2532 δηλοῖ.
537 2467 592 2520 ἐν
624 2467 725 2538 γὰρ
758 2467 893 2536 μέσῃ
930 2472 992 2535 τῇ
1027 2468 1182 2535 λίμνῃ
1208 2469 1438 2535 μάλιστά
1463 2489 1522 2534 κη
1551 2470 1737 2521 ἑστᾶσι

156 2539 255 2596 δύο
312 2543 604 2614 πυραμίδες,
659 2547 751 2598 τοῦ
802 2542 984 2601 ὕδατος
1036 2545 1380 2616 ὑπερέχουσαι
1430 2545 1736 2602 πεντήκοντα
