1975 2892
259 118 378 175 228
839 126 1248 173 ΗΡοΔοΤοΥ

1614 188 1689 235 [Α.
1710 188 1757 225 c.
1774 186 1861 225 525.

259 250 320 316 ἐξ
375 247 566 301 ἐκείνου
621 242 698 300 ἐπ’
753 246 942 312 ἑκάστῃ
1007 245 1170 317 ἐξόδῳ
1230 240 1489 312 Καμβύσῃ
1554 243 1860 312 ἐσήμαινον.

199 346 250 387 ιο
263 327 536 394 θωυμάσας
561 324 616 379 δὲ
645 327 674 377 ὁ
701 321 987 393 Καμβύσης
1026 324 1091 377 τὰ
1126 320 1417 390 ποιεύμενα,
1444 321 1665 393 πέμψας
1704 324 1863 394 ἅγγε-

200 408 374 465 uxo»,
404 403 587 469 εἰρώτα
612 402 782 464 αὐτὸν,
810 402 980 472 λέγων
1005 402 1145 454 τάδε·
1194 405 1231 427 “
1250 402 1519 468 Δεσπότης
1538 421 1608 453 σε
1634 400 1866 469 Καμβύ-

263 505 378 551 σης,
421 479 733 551 Ψαμμήνιτε,
780 480 983 551 εἷρωτᾷ,
1034 481 1166 533 διότι
1218 478 1280 547 δὴ
1332 478 1425 545 τὴν
1462 478 1555 546 μὲν
1599 478 1872 551 θυγατέρα

263 561 423 632 ὁρέων
465 560 824 628 κεκακωμένην,
870 560 952 611 καὶ
997 559 1087 611 τὸν
1119 558 1277 611 παῖδα
1323 556 1407 610 ἐπὶ
1450 555 1670 610 θάνατον
1712 558 1864 610 στεί-

262 660 441 709 χοντα,
471 641 589 693 οὔτε
614 636 898 700 ἀνέβωσας,
937 638 1058 689 οὔτε
1092 636 1439 690 ἀπέκλαυσας·
1488 635 1579 687 τὸν
1616 635 1673 687 δὲ
1718 658 1872 690 πτω-

263 719 378 787 χὸν,
407 716 555 769 οὐδέν
591 736 679 768 σοι
713 711 1059 785 προσήκοντα,
1090 714 1159 769 ὥς
1192 713 1369 767 ἄλλων
1394 711 1727 773 πυνθάνεται,
1762 715 1869 767 ἐτί-

265 812 466 863 μησας;
527 797 563 819 “
580 792 640 845 ‘O
687 792 780 859 μὲν
822 791 884 857 δὴ
929 794 1090 845 ταῦτα
1136 791 1401 863 ἐπειρώτα,
1445 793 1474 843 ὁ
1522 788 1566 843 δ’
1610 790 1871 857 ἀμείβετο

201 888 252 927 12
265 872 463 924 τοῖσδε·
507 866 624 922 “Ὠ
659 871 755 923 παῖ
788 866 978 935 Κύρου,
1008 870 1073 922 τὰ
1095 870 1190 938 μὲν
1215 867 1380 938 οἶκήῒα
1405 866 1467 937 ἦν
1500 866 1638 936 μέζω
1671 872 1812 923 κακὰ
1838 870 1869 939 ἢ

265 950 402 1002 ὥστε
441 946 746 1002 ἀνακλαίειν·
803 949 864 1000 τὸ
904 948 961 1001 δὲ
1003 951 1096 1001 τοῦ
1139 949 1341 1019 ἑταίρου
1375 946 1577 1012 πένθος,
1607 946 1769 1013 ἄξιον
1810 948 1871 1016 ἦν

266 1025 511 1097 δακρύων·
563 1024 619 1082 ὃς
647 1026 702 1079 ἐκ
736 1028 951 1080 πολλῶν
975 1048 1033 1079 τε
1065 1028 1147 1079 καὶ
1186 1026 1492 1092 εὐδαιμόνων
1516 1023 1787 1090 ἐκπεσὼν,
1818 1028 1870 1083 ἔς

264 1099 528 1174 πτωχηίην
568 1104 773 1157 ἀπῖκται
817 1104 903 1159 ἐπὶ
941 1103 1134 1177 γήραος
1172 1101 1368 1177 οὖδῷ.”
1450 1104 1549 1157 Καὶ
1586 1107 1760 1157 ταῦτα
1802 1108 1869 1161 ὥς

201 1199 252 1241 18
267 1182 627 1253 ἀπενειχθέντα
657 1182 756 1236 ὑπὸ
784 1180 986 1244 τούτου,
1016 1181 1074 1236 εὖ
1100 1182 1292 1236 δοκέειν
1318 1184 1369 1236 οἷ
1402 1180 1661 1253 εἰρῆσθαι.
1706 1184 1786 1239 ὧς
1812 1185 1869 1238 δὲ

265 1262 472 1329 λέγεται
525 1259 607 1315 ὑπ’
662 1259 970 1330 Αἰγυπτίων,
1020 1259 1252 1332 δακρύειν
1303 1262 1397 1329 μὲν
1448 1262 1699 1331 Κροῖσον,
1749 1261 1863 1315 ε’τε-

268 1339 445 1411 τεύχεε
484 1340 586 1413 γὰρ
613 1339 694 1391 καὶ
721 1337 871 1394 οὗτος
911 1338 1255 1409 ἐπισπόμενος
1290 1336 1548 1407 Καμβύσῃ
1575 1337 1661 1392 ἔπ’
1698 1338 1863 1411 Αἴγυ-

267 1440 414 1479 πτον,
470 1415 702 1487 δακρύειν
752 1418 811 1471 δὲ
841 1449 846 1453 ·
871 1418 1120 1489 Περσέων
1170 1416 1291 1473 τοὺς
1351 1419 1650 1487 παρεόντας·
1722 1418 1863 1491 αὐτῷ

267 1518 327 1550 τε
387 1494 644 1566 Καμβύσῃ
705 1495 945 1550 ἐσελθεῖν
998 1491 1167 1549 οἶκτόν
1216 1517 1346 1557 τινα,
1401 1495 1484 1548 καὶ
1535 1494 1720 1548 αὐτίκα
1778 1517 1857 1548 κε·

267 1572 437 1628 λεύειν
461 1577 551 1627 τόν
575 1574 637 1627 τέ
660 1575 710 1627 οἱ
733 1575 891 1628 παῖδα
925 1572 982 1627 ἐκ
1016 1580 1117 1627 τῶν
1144 1572 1513 1643 ἀπολλυμένων
1540 1574 1748 1639 σώζειν,
1781 1574 1857 1627 καὶ

268 1652 422 1706 αὐτὸν
446 1651 504 1704 ε’κ
530 1656 623 1707 τοῦ
647 1651 962 1723 προαστείου
988 1650 1394 1718 ἀναστήσαντας,
1416 1650 1559 1722 ἄγειν
1578 1650 1701 1722 παρ’
1732 1654 1854 1705 ἑωυ-

179 1733 251 1786 15
269 1732 376 1784 τόν.
587 1732 687 1783 Τὸν
720 1730 814 1798 μὲν
839 1730 900 1798 δὴ
936 1731 1093 1783 παῖδα
1128 1728 1276 1800 εὗρον
1310 1730 1361 1783 οἱ
1395 1730 1654 1798 μετιόντες
1690 1730 1856 1783 οὐκέτι

266 1810 549 1878 περιεόντα,
579 1808 718 1861 ἀλλὰ
743 1812 947 1879 πρῶτον
972 1808 1331 1861 κατακοπέντα·
1376 1807 1527 1860 αὐτὸν
1554 1807 1611 1860 δὲ
1636 1808 1854 1877 Ψαμμή-

270 1905 408 1937 νιτον
453 1883 852 1952 ἀναστήσαντες,
897 1884 1025 1957 ἦγον
1061 1886 1201 1956 παρὰ
1240 1884 1545 1954 Καμβύσεα·
1601 1886 1728 1939 ἔνθα
1765 1891 1857 1939 τοῦ

229 1963 454 2016 ίλοιποῦ
481 1963 726 2023 διαιτᾶτο,
756 1963 890 2033 ἔχων
915 1964 1064 2018 οὐδὲν
1087 1964 1277 2028 βίαιον.
1322 1964 1369 2015 εἷ
1395 1963 1451 2016 δὲ
1477 1963 1559 2016 καὶ
1594 1960 1855 2033 ἠπιστήθη

267 2040 336 2109 μὴ
377 2041 842 2111 πολυπρηγμονεῖν,
879 2042 1113 2105 ἀπέλαβε
1146 2042 1209 2095 ἂν
1243 2038 1519 2113 Αἴγυπτον,
1558 2042 1701 2095 ὥστε
1744 2044 1853 2097 ἐπι-

267 2116 532 2190 τροπεύειν
557 2118 729 2186 αὐτῆς.
771 2118 886 2173 ε’πεὶ
923 2122 1075 2187 τιμᾶν
1100 2119 1293 2173 ἐώθασι
1329 2119 1531 2190 Πέρσαι
1565 2124 1671 2174 τῶν
1696 2124 1851 2186 βασι-

266 2199 402 2252 λέων
425 2198 546 2252 τοὺς
569 2198 772 2252 παῖδας·
813 2203 932 2259 τῶν,
961 2196 1025 2265 ἢν
1051 2198 1134 2250 καί
1160 2199 1343 2268 σφεων
1368 2197 1691 2259 ἀποστέωσι,
1722 2198 1852 2268 ὅμως

229 2282 254 2321 8
269 2273 410 2327 τοῖσί
444 2296 509 2344 γε
532 2276 685 2328 παισὶ
720 2276 885 2328 αὐτῶν
911 2275 1218 2329 ἀποδιδοῦσι
1253 2275 1345 2342 τὴν
1376 2274 1558 2345 ἀρχήν.
1600 2279 1849 2331 πολλοῖσι

264 2347 358 2413 μέν
383 2371 472 2403 νυν
497 2352 579 2403 καὶ
605 2352 820 2406 ἄλλοισι
847 2354 960 2405 ἔστι
983 2352 1415 2419 σταθμώσασθαι,
1440 2352 1518 2404 ὅτι
1538 2356 1693 2405 τοῦτο
1722 2353 1847 2408 οὕτω

265 2426 555 2489 νενομίκασι
581 2429 788 2482 ποιέειν·
834 2430 887 2481 ἐν
907 2430 962 2481 δὲ
983 2430 1045 2496 δὴ
1073 2431 1155 2482 καὶ
1183 2432 1328 2501 τῷδε,
1358 2432 1429 2501 τῷ
1457 2430 1653 2493 Λίβυος
1674 2430 1847 2501 ’Ῑνάρω

263 2498 406 2587 παιδὶ
434 2502 681 2571 Θαννύρᾳ,
712 2504 770 2561 ὃς
799 2506 1033 2568 ἀπέλαβε
1068 2504 1161 2572 τήν
1186 2509 1237 2559 οἶ
1264 2512 1293 2559 ὁ
1318 2507 1485 2577 πατὴρ
1521 2502 1631 2575 εἶχε
1665 2509 1843 2577 ἀρχήν·

263 2584 344 2619 ‘⁴⁰‘
370 2573 441 2642 7(ιῖ
466 2572 771 2647 Ἀμυρταίου
797 2582 1047 2652 Παυσίρι·
1089 2584 1173 2636 καὶ
1198 2585 1299 2655 γὰρ
1326 2583 1477 2639 οὗτος
1500 2582 1735 2649 ἀπέλαβε
1760 2586 1845 2654 τὴν
