1975 2892
264 79 373 136 182
840 84 1249 130 ΗΡοΔοΤοΥ

1533 135 1606 185 [A.
1627 135 1681 175 c.
1703 133 1864 174 1100-

260 203 351 258 θος
384 201 533 256 πέντε
569 201 650 253 καὶ
686 199 877 251 ἐείκοσι
910 197 1134 267 πηχέων·
1179 203 1282 250 τῶν
1311 194 1586 267 Αἰγύπτιοι
1629 195 1728 248 τὸν
1763 194 1864 260 μὲν

263 283 391 350 πρὸς
416 279 585 349 βορέω
614 280 837 329 ἑστεῶτα
864 277 1108 329 καλέουσι
1129 275 1294 345 θέρος·
1338 277 1426 327 τὸν
1447 274 1503 326 δε
1521 275 1657 343 πρὸς
1685 275 1859 332 νότον,

223 378 248 419 8
266 363 507 428 χειμῶνα.
552 356 633 408 καὶ
659 357 747 408 τὸν
774 356 865 422 μὲν
886 353 1131 407 καλέουσι
1157 353 1320 422 θέρος,
1350 355 1532 404 τοῦτον
1557 352 1654 418 μὲν
1681 371 1860 421 προσ-

264 433 501 488 κυνέουσί
544 455 619 495 τε,
648 434 730 487 καὶ
765 431 821 485 εὖ
858 432 1112 486 ποιέουσι·
1170 433 1260 484 τὸν
1299 431 1354 482 δὲ
1389 435 1615 498 χειμῶνα
1663 425 1859 480 καλεύ-

224 532 251 574 1
262 535 432 575 μενον,
462 512 527 566 τὰ
556 513 775 581 ἔμπαλιν
799 508 992 563 τούτων
1017 509 1246 579 ἔρδουσι.
1328 511 1570 561 Πλοῦτον
1596 507 1656 560 δὲ
1684 527 1858 577 τουτω

266 593 339 666 τῷ
379 591 595 656 βασιλέϊ
632 589 873 656 γενέσθω
918 585 1143 658 ἀργύρου
1181 586 1358 658 μέγαν,
1400 588 1490 639 τὸν
1527 585 1720 638 οὐδένα
1758 590 1864 636 τῶν

267 668 489 739 ὕστερον
534 666 912 737 ἐπιτραφέντων
952 665 1218 730 βασιλέων
1263 663 1510 718 δύνασθαι
1556 664 1860 761 ὑπερβαλέ-

226 765 251 804 δ
272 747 412 810 σθαι,
442 745 548 800 οὐδ’
578 743 729 815 ἐγγὺς
755 743 944 796 ἐλθεῖν.
987 746 1308 811 βουλόμενον
1327 743 1382 796 δε
1409 743 1562 795 αὐτὸν
1589 742 1644 794 ἐν
1673 742 1860 810 ἀσφα-

270 820 390 891 ληΐῃ
444 824 507 876 τὰ
556 819 793 891 χρήματα
843 820 1183 890 θησαυρίζειν,
1231 819 1618 887 οἰκοδομέεσθαι
1670 817 1864 886 οἴκημα

269 901 485 954 λίθινον·
530 903 623 952 τοῦ
648 904 749 952 τῶν
773 899 961 967 τοίχων
988 898 1075 952 ἕνα
1101 899 1154 954 ἐς
1180 899 1238 952 τὸ
1266 899 1364 964 ἔξω
1396 898 1549 968 μέρος
1574 899 1670 965 τῆς
1697 896 1862 962 οἰκίης

229 997 253 1041 6
272 981 425 1048 ἔχειν.
476 979 566 1032 τὸν
593 977 648 1030 δὲ
688 976 1039 1049 ἐργαζόμενον,
1070 974 1487 1041 ἐπιβουλεύοντα,
1521 976 1643 1028 τάδε
1684 995 1858 1043 μηχα-

273 1056 479 1110 νᾶσθαι·
521 1061 622 1108 τῶν
640 1054 801 1109 λίθων
818 1053 1311 1126 παρασκευάσασθαι
1339 1053 1425 1108 ἕνα
1451 1053 1716 1122 ἐξαιρετὸν
1737 1049 1861 1106 εἶναι

274 1135 329 1188 ἐκ
355 1138 447 1188 τοῦ
474 1134 655 1204 τοίχου
680 1131 884 1202 ῥηϊδίως
912 1132 993 1184 καὶ
1019 1133 1118 1186 ὑπὸ
1146 1130 1236 1184 δύο
1263 1133 1459 1204 ἀνδρῶν
1485 1132 1568 1184 καὶ
1593 1131 1698 1184 ὑπὸ
1728 1133 1857 1186 ἑνός.

230 1214 343 1278 ’ζὼς
370 1213 425 1266 δὲ
461 1211 772 1278 ἐπετελέσθη
810 1212 869 1264 τὸ
906 1207 1104 1278 οἴκημα,
1132 1212 1223 1264 τὸν
1265 1210 1358 1278 μὲν
1394 1210 1625 1273 βασιλέα
1659 1209 1858 1276 θησαυ-

233 1307 257 1346 8
277 1291 420 1350 οίσαι
455 1290 519 1342 τὰ
551 1287 788 1358 χρήματα
824 1289 877 1342 ἐν
903 1288 1056 1362 αὐτῷ.
1111 1290 1301 1358 χρόνου
1341 1287 1398 1340 δὲ
1437 1290 1744 1358 περιϊόντος,
1773 1289 1861 1340 τὸν

278 1369 561 1437 οἰκοδόμον,
580 1367 697 1437 περὶ
723 1367 965 1434 τελευτὴν
990 1369 1083 1419 τοῦ
1107 1366 1278 1431 βίου’
1251 1367 1417 1426 εόντα,
1439 1365 1860 1418 ἀνακαλέσασθαι

236 1458 261 1499 9
279 1447 397 1501 τοὺς
422 1447 621 1500 παῖδας·
668 1439 818 1516 (εἶναι
843 1445 943 1516 γὰρ
970 1445 1105 1517 αὐτῷ
1131 1442 1242 1497 δύο·
1249 1437 1272 1512 )
1314 1463 1545 1496 τουτοισι
1574 1444 1632 1496 δε
1657 1441 1860 1513 απηγῆ-

280 1515 549 1590 σασθαι,“
525 1546 592 1578 ως
618 1523 817 1576 ἐκείνων
840 1524 1104 1622 προορέων
1124 1520 1252 1578 ὅκως
1276 1523 1396 1587 βίον
1393 1521 1707 1616 “acheon-ov*
1673 1543 1858 1590 εχωσι,

210 1613 259 1653 10
280 1604 585 1671 τεχνάσαιτο
614 1599 917 1668 οἰκοδομέων
935 1602 1025 1652 τὸν
1051 1600 1308 1670 θησαυρὸν
1327 1603 1418 1652 τοῦ
1442 1600 1718 1663 βασιλέος.
1764 1621 1857 1652 σα-

282 1681 422 1750 φέως
449 1681 503 1733 δὲ
532 1679 733 1732 αὐτοῖσι
759 1680 921 1732 πάντα
958 1678 1336 1748 ἐξηγησάμενον
1361 1677 1578 1747 τὰπερὶ
1605 1675 1697 1744 τὴν
1725 1677 1858 1744 ἐξαί-

280 1778 429 1827 ρεσιν
470 1760 562 1809 τοῦ
602 1755 772 1818 λίθου,
816 1757 986 1810 δοῦναι
1029 1757 1092 1808 τὰ
1132 1756 1292 1826 μέτρα
1332 1755 1502 1814 αὗτοῦ,
1532 1755 1756 1825 λέγοντα
1793 1757 1860 1810 ὣς

282 1838 437 1886 ταῦτα
466 1835 935 1903 διαφυλάσσοντες,
964 1833 1136 1902 ταμίαι
1168 1839 1270 1888 τῶν
1296 1833 1548 1898 βασιλέος
1588 1835 1860 1902 χρημάτων

212 1917 261 1960 u
282 1912 505 1986 ἔσονται.
550 1913 630 1963 καὶ
656 1913 745 1964 τὸν
778 1912 871 1976 μὲν
896 1913 1198 1978 τελευτῆσαι
1234 1913 1323 1964 τὸν
1347 1911 1482 1976 βίον,
1512 1911 1632 1964 τοὺς
1659 1911 1717 1963 δὲ
1741 1914 1854 1964 παῖ-

283 1989 373 2042 δας
398 1988 551 2040 αὐτοῦ
578 1988 669 2040 οὗκ
698 1989 749 2042 ἐς
783 1989 977 2060 μακρὴν
1004 1991 1158 2060 ἔργον
1194 1988 1423 2058 ἔχεσθαι·
1470 1987 1778 2043 ἐπελθόντας
1799 1989 1858 2041 δὲ

285 2065 369 2120 ἐπὶ
400 2065 463 2118 τὰ
502 2063 756 2132 βασιλῆἷα
789 2068 983 2127 νυκτὸς,
1014 2069 1096 2119 καὶ
1127 2069 1216 2120 τὸν
1249 2067 1400 2120 λίθον
1439 2066 1526 2120 ἐπὶ
1560 2071 1632 2138 τῷ
1659 2065 1852 2118 οἰκοδο-

282 2141 472 2213 μήματι
519 2143 833 2213 ἀνευρόντας,
870 2145 1076 2215 ῥηϊδίως
1117 2143 1593 2214 μεταχειρίσασθαι,
1641 2144 1721 2196 καὶ
1761 2149 1856 2196 τῶν

218 2239 269 2279 12
286 2223 558 2291 χρημάτων
610 2222 789 2273 πολλὰ
845 2222 1210 2288 ἐξενείκασθαι.
1291 2221 1381 2278 Ὧς
1435 2222 1491 2275 δὲ
1551 2224 1724 2291 τυχεῖν
1771 2223 1854 2274 τὸν

266 2299 509 2360 βασιλέα
553 2297 822 2362 ἀνοίξαντα
866 2300 925 2352 τὸ
972 2297 1174 2367 οἴκημα,
1215 2300 1499 2368 θωυμάσαι,
1549 2300 1718 2354 ἰδόντα
1761 2305 1853 2353 τῶν

284 2376 558 2439 χρημάτων
604 2375 819 2427 καταδεᾶ
870 2377 933 2428 τὰ
978 2376 1183 2447 ἀγγῆῖα
1245 2379 1338 2430 οὐκ
1381 2378 1517 2446 ἔχειν
1559 2379 1616 2430 δε
1659 2377 1718 2430 ὅν
1751 2399 1852 2432 τινα

284 2445 581 2510 επαιπᾶτᾱῑ»
626 2455 727 2502 τῶν
768 2473 826 2504 τε
868 2456 1171 2524 σημάντρων
1211 2456 1396 2509 ἐόντων
1438 2458 1606 2516 σώων,
1651 2458 1732 2509 καὶ
1769 2459 1853 2508 τοῦ

218 2517 552 2583 18θῖκῆὶῑόίῖῢΐίὶὲ
594 2528 933 2594 κεκλειμένου.
997 2532 1065 2585 ὡς
1105 2533 1161 2585 δὲ
1205 2533 1360 2606 αυτῷ,
1398 2534 1481 2587 καὶ
1523 2535 1600 2590 δὶς
1635 2535 1716 2588 καὶ
1754 2536 1854 2605 τρὶς
