1975 2892
168 173 278 219 πο]
558 121 854 167 ΕΥΤΕΡΠ
865 121 1086 166 H.--11.
1121 119 1354 182 136-139.
1635 114 1744 168 195

170 229 272 296 ἱρά·
304 225 457 296 ἡδονῇ
478 228 533 281 δέ
556 227 757 282 ἰδέσθαι
777 229 923 283 οὐδὲν
942 228 1127 283 τούτου
1146 233 1369 297 μᾶλλον.
1413 229 1444 297 ἦ
1467 230 1520 284 δέ
1542 227 1742 296 Βούβα-

171 326 307 366 στις,
338 307 461 358 κατὰ
486 305 715 359 Ἐλλάδα
738 309 1013 376 γλῶσσαν,
1041 307 1157 360 ἐστὶ
1172 306 1434 379 Ἄρτεμις.
1675 311 1745 362 Τὸ
1768 310 1880 364 138

169 383 227 435 δέ
256 384 366 452 ἱρὸν
388 383 541 451 αὐτῆς
560 384 657 436 ὦδε
677 385 803 453 ἔχει.
846 384 984 450 πλὴν
1010 386 1100 452 τῆς
1126 385 1331 446 ἐσόδου,
1353 387 1414 438 τὸ
1434 387 1568 440 ἄλλο
1587 388 1746 454 νῆσός

168 459 303 513 ἐστι·
347 461 403 512 ἐκ
426 462 528 532 γὰρ
551 464 645 514 τοῦ
677 463 871 515 Νείλου
896 461 1196 531 διώρυχες’
1168 462 1432 530 εσέχουσι,
1462 465 1528 522 οὗ,
1550 463 1740 532 συμμί-

172 559 397 635 σγουσαι
422 537 705 606 ἀλλήλῃσι,
734 538 854 592 ἀλλ’
882 539 1006 609 ἄχρι
1032 541 1122 606 τῆς
1148 539 1334 592 ἐσόδου
1361 543 1452 592 τοῦ
1489 542 1600 610 ἱροῦ
1627 542 1742 594 ε’κα-

168 616 287 685 τέρη
328 616 517 685 ἐσέχει·
561 615 592 682 ἡ
633 618 744 684 μὲν,
786 620 847 684 τῇ
884 617 1246 687 περιρρέουσα,
1288 615 1318 682 ἦ
1359 617 1433 677 δὲ,
1475 619 1554 685 τῇ·
1599 616 1748 688 εὖρος

169 693 329 746 ἐοῦσα
354 694 559 764 ἑκατέρη
587 696 765 748 ἑκατὸν
787 695 976 755 ποδῶν,
1007 695 1240 764 δένδρεσι
1265 696 1556 750 κατάσκιος.
1599 697 1662 748 τὰ
1689 697 1744 750 δε

150 769 477 841 προπύλαια,
515 768 654 841 ὕψος
691 773 785 840 μὲν
826 772 945 825 δέκα
984 772 1228 842 ὀργυιέων
1267 771 1400 832 ἐστὶ,
1439 771 1648 826 τύποισι
1689 775 1746 828 δε

168 847 453 916 ἑξαπήχεσι
471 850 803 902 ἐσκευάδαται
828 849 1024 916 ἀξίοισι
1047 851 1230 920 λόγου.
1273 850 1356 902 ἐὸν
1376 849 1470 904 δ”
1443 873 1497 904 εν
1519 852 1654 919 μέσῃ
1682 855 1742 920 τῇ
1759 864 1785 903 2

165 927 293 978 πόλι
330 927 391 979 τὸ
434 928 590 997 ἱρὸν,
586 930 873 998 κατορᾶται
910 926 1159 981 πάντοθεν
1195 931 1460 999 περιῖόντι·
1515 931 1604 982 ὅτε
1642 930 1744 1000 γὰρ

167 1005 258 1071 τῆς
300 1005 501 1060 πόλιος
533 1005 627 1103 μὲν
676 1004 1059 1074 ἐκκεχωσμένης
1097 1005 1258 1074 ὑψοῦ,
1299 1009 1392 1059 τοῦ
1432 1003 1477 1059 δ’
1517 1009 1629 1077 ἱροῦ
1682 1027 1743 1060 ου

168 1082 502 1149 κεκινημένου,
526 1083 593 1138 ὧς
612 1082 834 1152 ἀρχῆθεν
854 1080 1080 1149 ἐποιήθη,
1103 1084 1326 1136 ἕσοπτόν
1347 1083 1479 1137 ἐστι.
1523 1084 1745 1156 περιθέει

168 1156 214 1211 δ’
240 1159 363 1212 αὗτὸ
389 1161 601 1228 αἱμασιὴ
633 1159 1018 1232 ἐγγεγλυμμένη
1054 1158 1280 1214 τύποισι.
1324 1163 1440 1214 ἔστι
1467 1162 1521 1214 δὲ
1549 1161 1744 1215 ἔσωθεν
1758 1175 1782 1214 8

167 1235 334 1291 ἅλσος
384 1238 629 1308 δενδρέων
686 1239 962 1308 μεγίστων,
1016 1238 1402 1307 πεφυτευμένον
1455 1239 1574 1310 περὶ
1625 1241 1745 1306 νηὸν

167 1315 345 1386 μέγαν,
373 1312 429 1368 ε’ν
453 1319 525 1389 τῷ
557 1315 617 1382 δὴ
654 1314 962 1386 τωγαλμα”
932 1336 1025 1368 ενι.
1067 1314 1214 1387 ευρος
1250 1317 1307 1369 δε
1343 1317 1425 1370 καὶ
1458 1319 1618 1384 μῆκος
1651 1320 1744 1368 τοῦ

169 1393 283 1462 ἱροῦ
328 1395 489 1460 πάντη
537 1393 749 1446 σταδίου
794 1393 929 1447 ἐστί.
990 1393 1117 1445 κατὰ
1157 1415 1249 1460 μεν
1293 1394 1353 1461 δὴ
1400 1393 1492 1460 τὴν
1537 1394 1740 1454 ἔσοδον,
1759 1404 1785 1443 4

166 1469 460 1540 ἐστρωμένη
496 1470 613 1524 ἐστὶ
638 1471 757 1526 ὁδὸς
788 1466 993 1524 λίθου’
966 1470 1052 1523 επὶ
1079 1470 1322 1525 σταδίους
1347 1473 1482 1540 τρεῖς
1514 1472 1745 1537 μάλιστά

167 1569 248 1614 κη,
278 1548 363 1600 διὰ
387 1551 473 1616 τῆς
507 1549 693 1619 ἀγορῆς
729 1549 967 1619 φέρουσα
1003 1543 1057 1602 ἔς
1090 1548 1152 1600 τὸ
1186 1549 1316 1617 πρὸς
1349 1545 1442 1614 ἠῶ·
1485 1545 1631 1616 εὖρος
1667 1548 1740 1608 δὲ,

166 1626 237 1680 ὥς
270 1626 535 1697 τεσσέρων
568 1625 823 1696 πλέθρων·
867 1629 927 1693 τῇ
966 1625 1022 1676 δὲ
1049 1625 1132 1677 καὶ
1166 1630 1229 1691 τῇ
1264 1626 1352 1692 τῆς
1387 1625 1510 1677 ὁδοῦ
1537 1625 1744 1694 δένδρεα

167 1702 508 1773 οὐρανομήκεα
543 1704 759 1772 πέφυκε·
804 1704 955 1774 φέρει
990 1701 1034 1756 δ’
1073 1700 1126 1757 ἐς
1151 1701 1346 1772 Ἑρμέω
1385 1702 1510 1771 ἱρόν.
1553 1703 1612 1754 τὸ
1650 1702 1744 1769 μὲν

166 1780 231 1848 δὴ
274 1782 382 1851 ἱρὸν
420 1785 571 1834 τοῦτο
611 1779 743 1834 οὕτω
782 1783 909 1850 ἔχει.
1149 1781 1310 1834 Τέλος
1351 1780 1408 1834 δέ
1449 1781 1538 1847 τῆς
1571 1779 1741 1832 άπαλ-
1762 1777 1876 1831 139

165 1859 331 1928 λαγῆς
368 1863 459 1912 τοῦ
493 1859 739 1914 Αἰθίοπος
774 1860 870 1913 ὧδε
905 1861 1094 1930 ἔλεγον
1126 1857 1386 1930 γενέσθαι.
1429 1857 1562 1928 ὄψιν
1591 1856 1648 1911 ἐν
1673 1863 1745 1930 τῷ
1768 1868 1794 1908 8

165 1933 309 2008 ὕπνῳ
334 1935 531 2004 τοιήνδε
568 1937 739 1990 ἰδόντα
772 1938 942 1998 αὐτὸν,
971 1936 1210 2006 οἴχεσθαι
1247 1935 1523 2006 φεύγοντα·
1567 1935 1746 1990 ἐδόκεέ

163 2015 217 2066 οἱ
256 2013 413 2084 ἄνδρα
451 2014 731 2070 ἐπιστάντα
770 2014 1161 2083 συμβουλεύειν,
1199 2014 1318 2069 τοὺς
1357 2014 1493 2085 ἱρέας
1531 2012 1649 2068 τοὺς
1688 2012 1744 2066 ἐν

162 2089 407 2164 Αἶγῦπτῳ
435 2093 760 2159 συλλέξαντα
782 2095 992 2153 πάντας,
1013 2094 1204 2159 μέσους
1229 2092 1529 2159 διαταμέειν·
1571 2091 1744 2143 ἰδόντα
1765 2103 1789 2142 8

164 2170 224 2222 δέ
251 2169 342 2236 τὴν
367 2169 497 2241 ὄψιν
513 2169 699 2238 ταύτην
722 2171 894 2242 λέγειν
918 2170 1089 2231 αὐτὸν,
1111 2170 1178 2223 ὧς
1203 2169 1473 2239 πρόφασίν
1498 2169 1548 2221 οἱ
1575 2167 1743 2219 δοκέοι

162 2245 352 2313 ταύτην
377 2248 496 2303 τοὺς
532 2247 677 2302 θεοὺς
710 2245 1080 2318 προδεικνύναι,
1108 2243 1188 2298 ἵνα
1223 2243 1492 2312 ἀσεβήσας
1525 2245 1642 2312 περὶ
1679 2245 1744 2296 τὰ

163 2325 269 2395 ἱρὰ,
299 2328 451 2378 κακόν
474 2347 525 2379 τι
550 2327 678 2396 πρὸς
699 2324 881 2423 9εῶνῆθ
902 2326 1034 2395 πρὸς
1059 2322 1335 2394 ἀνθρώπων
1361 2324 1536 2386 λάβοι·
1582 2323 1743 2374 οὔκων

160 2400 401 2469 ποιήσειν
426 2407 598 2457 ταῦτα·
642 2403 783 2456 ἀλλὰ
815 2404 915 2473 γάρ
951 2403 1002 2455 οἱ
1028 2399 1386 2468 ἐξεληλυθέναι
1413 2400 1502 2451 τὸν
1535 2401 1740 2469 χρόνον,

160 2483 357 2534 ὁκόσον
401 2480 683 2550 κεχρῆσθαι
727 2479 949 2550 ἄρξαντα
995 2475 1256 2577 Αἱγῦπτου
1300 2473 1631 2546 ἐκχωρήσειν.
1688 2498 1744 2529 εν
1765 2487 1793 2526 4

159 2558 266 2629 γὰρ
292 2563 354 2626 τῇ
380 2558 617 2627 Διθιοπίῃ
644 2557 781 2612 ἐόντι
806 2557 940 2631 αὐτῷ
974 2558 1041 2609 τὰ
1065 2553 1296 2624 μαντὴἰα,
1325 2556 1461 2608 τοῖσι
1495 2553 1743 2624 χρέωνται
