1975 2892
513 129 1056 176 EYTEPIIH.——11.
1087 136 1262 189 95-99.
1571 115 1688 170 169

100 243 326 312 ταχέως,
376 244 458 296 καὶ
501 243 646 296 ἕλκει
691 243 784 311 τὴν
820 245 993 315 βάριν·
1041 241 1218 316 (τοῦτο
1257 244 1358 315 γὰρ
1399 243 1460 312 δὴ
1501 246 1693 313 οὔνομά

104 323 228 375 ἐστι
258 325 398 374 τοῖσι
425 323 661 376 πλοίοισι
687 319 969 393 τούτοισι·)
1011 326 1040 375 ὁ
1068 324 1122 375 δὲ
1148 323 1296 378 λίθος
1321 323 1508 377 ὄπισθε
1537 324 1688 378 ε’πελ-

100 403 338 468 κόμενος,
368 401 449 453 καὶ
487 399 583 454 ἐὼν
618 399 673 453 έν
696 403 907 474 βυσσῷ,
945 399 1195 453 κατιθύνει
1229 403 1320 454 τὸν
1348 404 1530 456 πλόον.
1575 404 1726 458 ἕστιτ

104 479 167 532 δέ
212 480 318 547 σφι
363 479 426 530 τὰ
464 481 623 532 πλοῖα
667 483 825 532 ταῦτα
863 478 1054 547 πλήθεΐ
1084 479 1278 539 πολλὰ,
1322 480 1402 532 καὶ
1437 480 1548 550 ἄγει
1585 482 1691 533 ἔνια

101 558 317 611 πολλὰς
344 557 581 625 χιλιάδας
618 559 897 611 ταλάντων.
1118 555 1308 610 Ἐπεὰν
1345 557 1400 610 δὲ
1427 557 1628 625 ἐπέλθῃ
1661 561 1782 623 697

106 637 305 688 Νεῖλος
338 635 429 702 τὴν
462 637 650 706 χώρην,
684 637 737 687 αἱ
774 638 928 692 πόλις
967 639 1148 704 μοῦναι
1199 635 1467 705 φαίνονται
1509 636 1686 706 ὑπερέ-

107 733 325 783 χουσαι,
352 714 582 782 μάλιστά
608 735 667 780 κη
696 713 946 784 ἐμφερέες
970 718 1093 784 τῇσι
1120 713 1176 767 ἐν
1201 718 1273 787 τῷ
1300 713 1493 786 Αἰγαίῳ
1519 717 1690 786 πόντῳ

110 791 343 858 νήσοισι.
385 792 449 844 τὰ
474 790 567 858 μὲν
590 792 691 862 γὰρ
726 793 865 844 ἅλλα
889 795 977 860 τῆς
1004 791 1264 864 Αἰγύπτου
1297 793 1525 864 πέλαγος
1550 792 1684 864 γίνε·
1701 809 1726 848 2

109 881 215 923 ται·
258 872 309 922 αἱ
338 870 394 922 δὲ
419 873 571 924 πόλις
605 873 784 937 μοῦναι
820 871 1150 942 ὑπερέχουσι.
1192 869 1562 941 πορθμεύονται
1599 869 1685 933 ὧν,
1702 887 1728 927 8

108 946 264 1001 ε’πεὰν
290 951 442 1001 τοῦτο
477 948 696 1016 γένηται,
726 948 890 1001 οὐκέτι
924 951 1049 1002 κατὰ
1083 950 1147 1002 τὰ
1180 948 1363 1021 ῥέεθρα
1401 953 1492 1002 τοῦ
1527 971 1685 1002 ποτα-

109 1030 228 1095 μοῦ,
258 1026 397 1079 ἀλλὰ
424 1027 505 1079 διὰ
536 1025 701 1093 μέσου
736 1031 827 1080 τοῦ
852 1029 1049 1081 πεδίου.
1094 1027 1147 1083 ές
1173 1028 1265 1095 μέν
1302 1049 1365 1098 γε
1391 1028 1606 1097 Μέμφιν
1632 1027 1687 1080 ἐκ
1704 1040 1728 1080 4

110 1106 428 1176 Ναυκράτιος
489 1104 825 1167 ἀναπλώοντι,
879 1105 998 1177 παρ’
1053 1107 1206 1161 αὐτὰς
1258 1106 1348 1160 τὰς
1404 1107 1689 1177 πυραμίδας

109 1183 304 1254 γίνεται
331 1185 358 1234 ὖ
384 1185 567 1238 πλόος·
610 1185 725 1236 ἔστι
752 1183 808 1236 δὲ
854 1184 945 1236 οὐκ
972 1183 1140 1247 οὗτος,
1170 1185 1310 1238 ἀλλὰ
1344 1186 1482 1255 παρὰ
1507 1187 1567 1238 τὸ
1595 1185 1690 1251 ὀξὺ

111 1264 205 1314 τοῦ
232 1259 419 1322 Δέλτα,
451 1262 532 1314 και
557 1262 695 1332 παρὰ
715 1263 1056 1362 Κερκάσωρον
1080 1266 1253 1318 πόλιν.
1298 1263 1350 1318 ε’ς
1377 1265 1432 1316 δὲ
1455 1261 1728 1333 Ναύκρα-5

112 1361 192 1392 τιν
236 1339 338 1392 ἀπὸ
392 1339 663 1409 θαλάσσης
706 1342 786 1393 καὶ
827 1337 1078 1397 Κανώβου
1132 1343 1215 1395 διὰ
1267 1342 1446 1394 πεδίου
1496 1341 1686 1402 πλέων,

110 1418 252 1485 ἥξεις
278 1417 381 1470 κατ’
398 1415 698 1472 Ἄνθυλλάν
732 1440 788 1471 τε
813 1423 984 1480 πόλιν,
1016 1422 1097 1472 καὶ
1135 1419 1227 1486 τὴν
1252 1415 1570 1491 Ἀρχάνδρου
1600 1439 1688 1470 κα-

108 1495 376 1562 λευμένην.
583 1497 813 1550 Τουτέων
838 1498 893 1551 δὲ
928 1496 960 1563 ἦ
986 1498 1079 1564 μὲν
1092 1495 1380 1558 ”Ανθυλλα,
1410 1495 1570 1549 ἐοῦσα
1593 1499 1688 1549 λο-
1704 1496 1781 1550 98

110 1574 237 1644 γίμη
282 1577 451 1634 πόλις,
496 1575 550 1630 ές
592 1573 889 1644 ὑποδήματα
926 1573 1187 1647 ἐξαίρετος
1226 1575 1420 1628 δίδοται
1462 1578 1554 1627 τοῦ
1596 1574 1693 1628 αἰεὶ

108 1651 485 1716 βασιλεύοντος
512 1651 773 1724 Αἰγύπτου
798 1657 859 1722 τῇ
886 1655 1100 1724 γυναικί.
1144 1657 1296 1706 τοῦτο
1324 1653 1381 1706 δὲ
1404 1653 1615 1724 γίνεται,
1634 1652 1731 1718 ε’ξπ

112 1730 245 1783 ὅσου
285 1731 384 1785 ὑπὸ
425 1731 669 1803 Πέρσῃσί
707 1731 824 1784 ἐστι
864 1729 1139 1802 Α’ίγυπτος.
1189 1731 1220 1800 ἡ
1263 1732 1318 1785 δὲ
1359 1731 1502 1802 ἑτέρη
1541 1734 1732 1786 πόλις3

113 1809 279 1863 δοκέει
316 1830 405 1877 μοι
438 1813 499 1864 τὸ
536 1813 725 1877 οὕνομα
760 1811 899 1879 ἔχειν
928 1811 1029 1864 ἀπὸ
1069 1813 1161 1864 τοῦ
1201 1814 1400 1864 Δαναοῦ
1435 1813 1692 1881 γαμβροῦ,

110 1887 431 1959 Ἀρχάνδρου
469 1892 561 1941 τοῦ
593 1888 768 1949 Φθίου,
805 1893 898 1941 τοῦ
929 1887 1164 1958 Ἀχαιοῦ·
1220 1887 1452 1942 καλέεται
1485 1889 1586 1960 γὰρ
1633 1889 1736 1956 δὴί

114 1964 433 2037 Ἀρχάνδρου
458 1970 629 2022 πόλις.
675 1964 749 2034 εἴη
778 1967 821 2020 δ’
862 1967 923 2020 ἂν
949 1969 1032 2020 καὶ
1059 1968 1222 2023 ἄλλος
1257 1990 1334 2024 τις
1348 1966 1692 2039 ”Αρχανδρος·

115 2045 177 2097 οὗ
203 2043 377 2111 μέντοι
401 2067 483 2116 γε
490 2044 771 2112 Αἰγύπτιον
794 2049 853 2099 τὸ
881 2049 1089 2115 ουνομα.

206 2120 377 2190 Μέχρι
411 2123 505 2190 μὲν
538 2143 719 2175 τουτου
754 2121 879 2194 οψις
905 2143 962 2175 τε
990 2122 1082 2190 ἐμὴ
1114 2123 1194 2175 και
1229 2125 1401 2193 γνώμη
1438 2123 1566 2176 καὶ*
1549 2147 1688 2177 ιστο-
1720 2122 1796 2177 99

120 2200 209 2272 ρίη
247 2203 404 2253 ταῦτα
442 2201 675 2271 λέγουσά
716 2201 848 2255 ἔστι·
904 2200 962 2255 τὸ
1004 2202 1058 2254 δε
1099 2200 1200 2254 ἀπὸ
1239 2203 1405 2262 τοῦδε,
1440 2204 1682 2273 Αἰγυπτί-

128 2301 218 2335 ους
253 2281 466 2348 ἔρχομαι
500 2282 690 2352 λόγους
729 2281 899 2349 ἐρέων,
927 2281 1052 2332 κατὰ
1077 2281 1140 2332 τὰ
1165 2283 1362 2347 ἤκουον.
1405 2281 1692 2350 προσέσται
1721 2291 1746 2330 2

118 2357 177 2410 δὲ
204 2356 409 2411 αὐτοῖσί
434 2378 485 2410 τι
513 2360 593 2410 καὶ
619 2359 709 2424 τῆς
736 2357 857 2425 ἐμῆς
884 2355 1062 2427 ὄψιος.
1127 2358 1228 2408 Τὸν
1255 2357 1420 2422 Μῆνα,
1449 2355 1540 2406 τὸν
1564 2365 1702 2424 πρῶ·
1720 2367 1745 2408 8

122 2456 216 2488 τον
238 2433 633 2500 βασιλεύσαντα
659 2432 939 2505 Αἰγύπτου,
958 2435 1010 2487 οἱ
1039 2433 1168 2503 ἱρέες
1193 2435 1398 2504 ἔλεγον,
1416 2434 1568 2484 τοῦτο
1595 2453 1702 2498 μεν,

126 2514 539 2584 ἀπογεφυρῶσαι
566 2515 647 2567 καὶ
674 2513 765 2580 τὴν
781 2513 1014 2582 Μέμφιν.
1059 2513 1148 2566 τὸν
1170 2513 1272 2582 γὰρ
1299 2511 1530 2578 ποταμὸν
1546 2511 1751 2563 πάνταί

128 2589 265 2661 ῥέειν
297 2593 437 2663 παρὰ
472 2594 532 2646 τὸ
568 2590 689 2664 ’όρος
724 2593 785 2644 τὸ
819 2591 1088 2662 ψάμμινον
1121 2592 1250 2662 πρὸς
1285 2587 1496 2656 Λιβύης·
1541 2589 1630 2643 τὸν
1655 2589 1711 2644 δὲ
