1975 2892
461 158 817 204 ΕΥΤΕΡΠΗ
825 167 989 205 ..——11
1026 145 1654 220 159-162.2o9

46 227 124 266 οι.
147 223 376 265 45.1—⁴6.
393 223 451 272 3.]

50 275 111 328 ἐς
150 273 431 343 Αἴγυπτον,
474 271 692 339 ξείνοισι
728 273 1046 343 ἀγωνιστῇσι
1083 275 1327 328 ἐκέλευον
1359 276 1450 329 τὸν
1483 276 1654 347 ἀγῶνα

50 351 277 412 τιθέναι,
318 349 543 405 Ἠλείων
578 351 633 403 δὲ
668 351 843 418 μηδενι
875 347 1002 404 εἶναι
1033 351 1392 421 ἀγωνίζεσθαι.
1396 350 1431 376 ”
1485 358 1654 408 Ταῦτα

52 431 158 494 μὲν
184 425 457 498 Αιγόπτιοι
482 427 745 482 Ἠλείοισι
770 427 1106 496 ὑπεθήκαντο.

176 504 412 572 Ψάμμιος
464 504 521 557 δὲ
574 502 633 570 ἕξ
683 505 799 557 ἔτεα
849 509 1039 573 μοῦνον
1087 502 1502 568 βασιλεύσαντος
1553 505 1644 559 Al·
1675 508 1785 563 161

58 579 287 646 γῦπτου,
324 582 406 634 καὶ
448 581 894 652 στρατευσαμένου
932 582 984 638 ἐς
1022 583 1308 650 Αἶθιοπίην,
1344 585 1426 636 καὶ
1459 605 1644 652 μεταυ-

53 662 181 717 τίκα
221 659 640 728 τελευτήσαντος,
676 659 943 724 ἐξεδέξατο
982 657 1196 730 Ἀπρίης
1234 663 1265 712 ὁ
1303 662 1555 730 Ψάμμιος.
1599 664 1656 718 ὃς
1670 673 1699 712 2

56 742 194 811 μετὰ
220 740 548 808 Ψαμμίτιχον
572 739 663 790 τὸν
697 739 887 790 ἑωυτοῦ
921 739 1223 808 προπάτορα
1257 738 1458 809 ἐγένετο
1485 740 1651 794 εὔδαι-
1688 730 1785 813 *6θὲ

58 819 383 888 μονέστατος
418 823 521 870 τῶν
554 819 805 886 πρότερον
836 817 1120 879 βασιλέων,
1149 814 1230 870 ἐπ’
1255 817 1372 870 ἔτεα
1396 818 1548 871 πέντε
1573 819 1658 873 καὶ

60 895 235 950 ε’ίκοσι
270 895 446 968 ἄρξας·
492 895 547 947 ἐν
581 897 721 947 τοῖσι
757 893 842 947 ἐπί
874 915 932 947 τε
972 895 1165 946 Σιδῶνα
1201 897 1424 966 στρατὸν
1458 899 1652 965 ἤλασε,

63 977 151 1029 καὶ
193 975 517 1043 ἐναυμάχησε
556 977 631 1045 τῷ
680 971 865 1044 Τυρίῳ.
946 971 1093 1026 Ἐπεὶ
1145 971 1204 1026 δέ
1241 975 1292 1026 οἱ
1343 975 1452 1028 ἔδεε
1492 980 1655 1031 κακῶς
1673 986 1698 1027 ⁸

60 1053 329 1126 γενέσθαι,
359 1053 559 1124 ἐγένετο
594 1051 695 1104 ἀπὸ
730 1051 1031 1121 προφάσιος
1057 1049 1148 1117 τὴν
1184 1051 1284 1121 ἐγὼ
1318 1053 1538 1118 μεζόνως
1561 1054 1656 1122 μὲν

62 1133 125 1185 ἐν
160 1135 301 1185 τοῖσι
335 1132 609 1196 Λιβυκοῖσι
643 1131 855 1199 λόγοισι
890 1126 1238 1200 ἀπηγήσομαι,
1267 1130 1485 1201 μετρίως
1523 1131 1568 1184 δ’
1600 1132 1657 1186 ἐν

63 1215 143 1284 τῷ
167 1211 425 1282 παρεόντι.
469 1205 785 1277 ἀποπέμψας
818 1207 921 1278 γὰρ
956 1208 1252 1278 στράτευμα
1277 1211 1306 1261 ὁ
1332 1206 1544 1280 Ἀπρίης
1569 1210 1654 1264 ἐπὶ
1673 1217 1700 1259 4

66 1289 402 1359 Κυρηναίους,
455 1285 756 1356 μεγαλωστὶ
814 1286 1188 1355 προσέπταισε.
1269 1285 1539 1352 Αἶγύπτιοι
1598 1288 1653 1341 δὲ
1674 1293 1699 1336 6

64 1370 231 1420 ταῦτα
266 1366 685 1434 ἐπιμεμφόμενοι,
722 1363 1024 1430 ἀπέστησαν
1059 1362 1145 1417 ἀπ’
1183 1363 1358 1423 αὐτοῦ,
1396 1365 1656 1420 δοκέοντες

64 1447 163 1498 τὸν
196 1443 409 1515 Ἀπρίην
449 1444 503 1496 ἐκ
541 1441 780 1512 προνοίης
818 1441 1002 1495 αὐτοὺς
1042 1440 1351 1511 ἀποπέμψαι
1383 1441 1436 1496 ἐς
1469 1444 1653 1512 φαινό-

64 1545 225 1593 μενον
251 1523 417 1583 κακὸν,
446 1519 527 1574 ἵνα
554 1520 614 1588 δὴ
644 1519 826 1588 σφέων
851 1517 1026 1590 φθορὴ
1052 1519 1274 1588 γένηται,
1297 1518 1448 1574 αὐτὸς
1474 1520 1531 1573 δὲ
1557 1525 1658 1574 τῶν

64 1607 271 1656 λοιπῶν
297 1599 587 1670 Αἰγυπτίων
612 1597 1018 1667 ἀσφαλέστερον
1048 1595 1202 1667 ἄρχῃ.
1246 1599 1404 1649 ταῦτα
1430 1599 1487 1651 δὲ
1515 1599 1653 1652 δεινὰ
1674 1603 1702 1645 ⁰

65 1677 361 1748 ποιεύμενοι
388 1676 531 1731 οὗτοί
555 1698 612 1729 τε
638 1697 685 1728 οι
714 1673 1181 1742 ἀπονοστήσαντες,
1211 1673 1294 1726 και
1319 1675 1370 1727 οἱ
1400 1680 1501 1729 τῶν
1526 1677 1654 1729 ἀπο-

65 1757 303 1826 λομενων
329 1757 501 1855 φ’,ίλοι
530 1754 832 1820 ἀπέστησαν
866 1754 921 1806 ἐκ
947 1754 1038 1821 τῆς
1065 1751 1241 1820 ιθείης.
1483 1754 1654 1808 Πυθό-
1689 1752 1798 1805 162

67 1857 225 1907 μενος
269 1834 323 1889 δε
368 1795 582 1905 Ἀπρίης
626 1835 801 1892 ταῦτα.
843 1833 1032 1898 πέμπει
1072 1831 1150 1885 ἐπ’
1191 1831 1377 1888 αὐτοὺς
1407 1829 1655 1902 Ἀμασιν,

70 1933 464 1968 καταπαυσοντα
498 1913 728 1981 λόγοισι.
774 1913 803 1963 ὁ
838 1911 895 1963 δὲ
931 1910 1045 1964 ἐπεί
1081 1931 1139 1964 τε
1173 1911 1474 1980 ἀπικόμενος
1509 1932 1654 1966 κατε-

68 1994 306 2060 λάμβανε
345 1990 465 2046 τοὺς
516 1989 843 2059 Αἰγυπτίους,
871 1993 1032 2041 ταῦτα
1069 1989 1137 2056 μὴ
1177 1990 1369 2044 ποιέειν
1412 1991 1658 2061 λέγοντος

71 2071 247 2131 αὐτοῦ,
276 2075 376 2123 τῶν
414 2089 493 2123 τις
542 2067 835 2137 Αἰγυπτίων
886 2065 1075 2120 ὄπισθε
1115 2068 1262 2132 στὰς,
1301 2069 1571 2139 περιέθηκέ
1607 2070 1658 2121 οἱ

72 2149 268 2215 κυνέην·
308 2149 391 2200 καὶ
408 2146 700 2218 περιτιθεὶς,
723 2146 825 2214 ἔφη
849 2150 885 2173 “
904 2145 989 2198 ἐπὶ
1013 2141 1266 2212 βασιληίῃ
1285 2143 1655 2216 περιτιθέναι.”

72 2228 160 2282 καὶ
186 2227 256 2298 τῷ
280 2229 342 2278 οὔ
376 2247 475 2280 κως
501 2222 771 2278 ἀεκούσιον
806 2224 1000 2294 ἐγίνετο
1027 2223 1086 2274 τὸ
1112 2221 1429 2290 ποιεύμενον,
1457 2225 1526 2279 ὥς
1551 2225 1653 2277 διε·-
1680 2231 1707 2271 2

72 2305 285 2360 δείκνυε.
330 2303 441 2357 ἐπεί
465 2324 522 2355 τε
547 2303 649 2373 γὰρ
684 2299 973 2368 ἐστήσαντό
1006 2321 1093 2368 μιν
1117 2301 1346 2364 βασιλέα
1372 2306 1474 2354 τῶν
1498 2301 1655 2372 Αἰγυ-

70 2384 237 2439 πτίων
268 2383 317 2434 02
355 2381 693 2444 ἀπεστεῶτες,
730 2380 1137 2450 παρεσκευάζετο
1179 2379 1246 2434 ὧς
1282 2379 1416 2432 ε’λῶν
1451 2381 1535 2433 ἐπὶ
1569 2381 1660 2432 τὸν

70 2459 306 2531 Ἀπρίην.
388 2459 683 2525 Πυθόμενος
722 2457 779 2509 δὲ
817 2460 975 2510 ταῦτα
1015 2459 1044 2509 ὁ
1079 2456 1307 2527 Ἀπρίης,
1344 2457 1538 2524 ἔπεμπε
1578 2455 1656 2510 ἐπ’
1680 2462 1705 2503 ⁸

3 2599 5 2610 Ι
59 2540 294 2607 Ἀμασιν
319 2537 478 2608 ἄνδρα
512 2537 721 2603 δόκιμον
744 2540 847 2588 τῶν
879 2536 998 2606 περὶ
1033 2537 1222 2589 ἑωυτὸν
1247 2534 1556 2605 Αἰγυπτίων,
1585 2539 1658 2608 τῷ

3 2611 5 2620 ’
74 2621 265 2683 οὔνομα
322 2612 385 2682 ἦν
442 2615 797 2685 Πατάρβημις·
878 2613 1229 2683 ἐντειλάμενος
1287 2613 1442 2688 αὐτῷ,
1497 2615 1660 2680 (ὣντα

142 2705 237 2736 τοι.
257 2705 285 2736 ι.
843 2706 876 2742 Ρ

9 2842 43 2881 ἲὶ.
