<?xml version="1.0" encoding="UTF-8"?>
<!DOCTYPE html PUBLIC "-//W3C//DTD XHTML 1.0 Transitional//EN"
    "http://www.w3.org/TR/xhtml1/DTD/xhtml1-transitional.dtd">
<html xmlns="http://www.w3.org/1999/xhtml" xml:lang="en" lang="en">
 <head>
  <title>
</title>
<meta http-equiv="Content-Type" content="text/html;charset=utf-8" />
  <meta name='ocr-system' content='tesseract 3.04.00' />
  <meta name='ocr-capabilities' content='ocr_page ocr_carea ocr_par ocr_line ocrx_word'/>
</head>
<body>
  <div class='ocr_page' id='page_1' title='image "./herodotihistori00westgoog_0085.png"; bbox 0 0 1975 2892; ppageno 0'>
   <div class='ocr_carea' id='block_1_1' title="bbox 169 61 1743 174">
    <p class='ocr_par' dir='ltr' id='par_1_1' title="bbox 169 61 1743 174">
     <span class='ocr_line' id='line_1_1' title="bbox 169 61 1743 174; baseline 0.003 -66"><span class='ocrx_word' id='word_1_1' title='bbox 169 124 238 164; x_wconf 36' lang='lat' dir='ltr'>m·</span> <span class='ocrx_word' id='word_1_2' title='bbox 255 125 319 164; x_wconf 36' lang='grc' dir='ltr'>ω.</span> <span class='ocrx_word' id='word_1_3' title='bbox 335 125 394 174; x_wconf 38' lang='lat' dir='ltr'>a]</span> <span class='ocrx_word' id='word_1_4' title='bbox 679 61 1061 111; x_wconf 63' lang='lat' dir='ltr'>muna—1.</span> <span class='ocrx_word' id='word_1_5' title='bbox 1096 65 1267 126; x_wconf 84' lang='lat'><strong>⁷7-80·</strong></span> <span class='ocrx_word' id='word_1_6' title='bbox 1664 73 1743 130; x_wconf 82' lang='lat'>43</span> 
     </span>
    </p>
   </div>
   <div class='ocr_carea' id='block_1_2' title="bbox 150 183 1839 2594">
    <p class='ocr_par' dir='ltr' id='par_1_2' title="bbox 150 183 1839 2594">
     <span class='ocr_line' id='line_1_2' title="bbox 249 183 1839 258; baseline 0.003 -20"><span class='ocrx_word' id='word_1_7' title='bbox 249 187 418 254; x_wconf 87' lang='grc' dir='ltr'>Κῦρος</span> <span class='ocrx_word' id='word_1_8' title='bbox 457 185 530 247; x_wconf 76' lang='grc' dir='ltr'>δὲ,</span> <span class='ocrx_word' id='word_1_9' title='bbox 573 185 751 240; x_wconf 72' lang='grc' dir='ltr'>αὐτίκα</span> <span class='ocrx_word' id='word_1_10' title='bbox 791 185 1158 245; x_wconf 66' lang='grc' dir='ltr'>ἀπελαύνοντος</span> <span class='ocrx_word' id='word_1_11' title='bbox 1200 188 1429 258; x_wconf 81' lang='grc' dir='ltr'>Κροίσου</span> <span class='ocrx_word' id='word_1_12' title='bbox 1480 189 1608 256; x_wconf 82' lang='grc' dir='ltr'>μετὰ</span> <span class='ocrx_word' id='word_1_13' title='bbox 1649 185 1741 254; x_wconf 83' lang='grc' dir='ltr'>τὴν</span> <span class='ocrx_word' id='word_1_14' title='bbox 1758 183 1839 246; x_wconf 76' lang='grc'>79</span> 
     </span>
     <span class='ocr_line' id='line_1_3' title="bbox 160 261 1735 337; baseline 0.003 -24"><span class='ocrx_word' id='word_1_15' title='bbox 160 261 339 330; x_wconf 85' lang='grc' dir='ltr'>μάχην</span> <span class='ocrx_word' id='word_1_16' title='bbox 371 263 464 330; x_wconf 84' lang='grc' dir='ltr'>τὴν</span> <span class='ocrx_word' id='word_1_17' title='bbox 498 265 772 334; x_wconf 77' lang='grc' dir='ltr'>γενομένην</span> <span class='ocrx_word' id='word_1_18' title='bbox 805 265 860 318; x_wconf 87' lang='grc' dir='ltr'>ἐν</span> <span class='ocrx_word' id='word_1_19' title='bbox 892 269 954 334; x_wconf 84' lang='grc' dir='ltr'>τῇ</span> <span class='ocrx_word' id='word_1_20' title='bbox 992 267 1199 337; x_wconf 79' lang='grc' dir='ltr'>Πτερίῃ,</span> <span class='ocrx_word' id='word_1_21' title='bbox 1232 265 1405 336; x_wconf 77' lang='grc' dir='ltr'>μαθὼν</span> <span class='ocrx_word' id='word_1_22' title='bbox 1441 266 1509 321; x_wconf 81' lang='grc' dir='ltr'>ὣς</span> <span class='ocrx_word' id='word_1_23' title='bbox 1542 266 1735 319; x_wconf 75' lang='grc' dir='ltr'>ἀπελά-</span> 
     </span>
     <span class='ocr_line' id='line_1_4' title="bbox 163 339 1737 415; baseline 0.003 -24"><span class='ocrx_word' id='word_1_24' title='bbox 163 359 266 394; x_wconf 84' lang='grc' dir='ltr'>σας</span> <span class='ocrx_word' id='word_1_25' title='bbox 297 339 489 410; x_wconf 87' lang='grc' dir='ltr'>μέλλοι</span> <span class='ocrx_word' id='word_1_26' title='bbox 525 345 749 413; x_wconf 82' lang='grc' dir='ltr'>Κροῖσος</span> <span class='ocrx_word' id='word_1_27' title='bbox 783 343 1057 414; x_wconf 78' lang='grc' dir='ltr'>διασκεδᾷν</span> <span class='ocrx_word' id='word_1_28' title='bbox 1089 346 1179 398; x_wconf 87' lang='grc' dir='ltr'>τὸν</span> <span class='ocrx_word' id='word_1_29' title='bbox 1214 345 1450 415; x_wconf 80' lang='grc' dir='ltr'>στρατὸν,</span> <span class='ocrx_word' id='word_1_30' title='bbox 1486 345 1737 408; x_wconf 85' lang='grc' dir='ltr'>βουλευό-</span> 
     </span>
     <span class='ocr_line' id='line_1_5' title="bbox 157 416 1742 490; baseline 0.001 -17"><span class='ocrx_word' id='word_1_31' title='bbox 157 441 315 488; x_wconf 87' lang='grc' dir='ltr'>μενος</span> <span class='ocrx_word' id='word_1_32' title='bbox 367 417 572 490; x_wconf 78' lang='grc' dir='ltr'>εὕρισκε</span> <span class='ocrx_word' id='word_1_33' title='bbox 621 421 829 489; x_wconf 84' lang='grc' dir='ltr'>πρῆγμά</span> <span class='ocrx_word' id='word_1_34' title='bbox 881 420 930 472; x_wconf 83' lang='grc' dir='ltr'>οἱ</span> <span class='ocrx_word' id='word_1_35' title='bbox 982 416 1108 472; x_wconf 79' lang='grc' dir='ltr'>εἶναι</span> <span class='ocrx_word' id='word_1_36' title='bbox 1153 419 1388 474; x_wconf 78' lang='grc' dir='ltr'>ἐλαύνειν</span> <span class='ocrx_word' id='word_1_37' title='bbox 1426 422 1494 476; x_wconf 76' lang='grc' dir='ltr'>ὣς</span> <span class='ocrx_word' id='word_1_38' title='bbox 1539 419 1742 475; x_wconf 85' lang='grc' dir='ltr'>δύναιτο</span> 
     </span>
     <span class='ocr_line' id='line_1_6' title="bbox 159 495 1742 569; baseline -0.001 -18"><span class='ocrx_word' id='word_1_39' title='bbox 159 499 391 567; x_wconf 84' lang='grc' dir='ltr'>τάχιστα</span> <span class='ocrx_word' id='word_1_40' title='bbox 425 498 510 551; x_wconf 78' lang='grc' dir='ltr'>ἐπὶ</span> <span class='ocrx_word' id='word_1_41' title='bbox 543 497 636 551; x_wconf 81' lang='grc' dir='ltr'>τὰς</span> <span class='ocrx_word' id='word_1_42' title='bbox 671 498 869 566; x_wconf 80' lang='grc' dir='ltr'>Σάρδις,</span> <span class='ocrx_word' id='word_1_43' title='bbox 897 499 1020 568; x_wconf 83' lang='grc' dir='ltr'>πρὶν</span> <span class='ocrx_word' id='word_1_44' title='bbox 1050 495 1081 564; x_wconf 76' lang='grc' dir='ltr'>ἢ</span> <span class='ocrx_word' id='word_1_45' title='bbox 1108 499 1167 550; x_wconf 83' lang='grc' dir='ltr'>τὸ</span> <span class='ocrx_word' id='word_1_46' title='bbox 1204 495 1439 569; x_wconf 87' lang='grc' dir='ltr'>δεύτερον</span> <span class='ocrx_word' id='word_1_47' title='bbox 1470 499 1742 567; x_wconf 78' lang='grc' dir='ltr'>ἁλισθῆναι</span> 
     </span>
     <span class='ocr_line' id='line_1_7' title="bbox 157 573 1779 643; baseline 0.001 -14"><span class='ocrx_word' id='word_1_48' title='bbox 157 582 265 630; x_wconf 81' lang='grc' dir='ltr'>τῶν</span> <span class='ocrx_word' id='word_1_49' title='bbox 301 577 479 629; x_wconf 80' lang='grc' dir='ltr'>Λυδῶν</span> <span class='ocrx_word' id='word_1_50' title='bbox 517 575 609 643; x_wconf 82' lang='grc' dir='ltr'>τὴν</span> <span class='ocrx_word' id='word_1_51' title='bbox 651 573 878 643; x_wconf 85' lang='grc' dir='ltr'>δύναμιν.</span> <span class='ocrx_word' id='word_1_52' title='bbox 961 576 1029 631; x_wconf 78' lang='grc' dir='ltr'>ὣς</span> <span class='ocrx_word' id='word_1_53' title='bbox 1069 575 1130 629; x_wconf 85' lang='grc' dir='ltr'>δέ</span> <span class='ocrx_word' id='word_1_54' title='bbox 1172 577 1221 628; x_wconf 87' lang='grc' dir='ltr'>οἱ</span> <span class='ocrx_word' id='word_1_55' title='bbox 1262 579 1421 629; x_wconf 85' lang='grc' dir='ltr'>ταῦτα</span> <span class='ocrx_word' id='word_1_56' title='bbox 1456 577 1620 643; x_wconf 77' lang='grc' dir='ltr'>ἔδοξε,</span> <span class='ocrx_word' id='word_1_57' title='bbox 1660 577 1779 631; x_wconf 60' lang='lat' dir='ltr'>nait</span> 
     </span>
     <span class='ocr_line' id='line_1_8' title="bbox 157 653 1742 725; baseline -0.001 -17"><span class='ocrx_word' id='word_1_58' title='bbox 157 655 334 708; x_wconf 84' lang='grc' dir='ltr'>ε’ποίεε</span> <span class='ocrx_word' id='word_1_59' title='bbox 369 655 494 708; x_wconf 82' lang='grc' dir='ltr'>κατὰ</span> <span class='ocrx_word' id='word_1_60' title='bbox 527 655 704 721; x_wconf 88' lang='grc' dir='ltr'>τάχος.</span> <span class='ocrx_word' id='word_1_61' title='bbox 788 653 989 708; x_wconf 86' lang='grc' dir='ltr'>ἐλάσας</span> <span class='ocrx_word' id='word_1_62' title='bbox 1026 655 1128 725; x_wconf 81' lang='grc' dir='ltr'>γὰρ</span> <span class='ocrx_word' id='word_1_63' title='bbox 1168 655 1257 707; x_wconf 80' lang='grc' dir='ltr'>τὸν</span> <span class='ocrx_word' id='word_1_64' title='bbox 1298 656 1522 724; x_wconf 79' lang='grc' dir='ltr'>στρατὸν</span> <span class='ocrx_word' id='word_1_65' title='bbox 1560 655 1613 709; x_wconf 90' lang='grc' dir='ltr'>ἐς</span> <span class='ocrx_word' id='word_1_66' title='bbox 1650 655 1742 721; x_wconf 86' lang='grc' dir='ltr'>τὴν</span> 
     </span>
     <span class='ocr_line' id='line_1_9' title="bbox 157 731 1779 805; baseline 0.001 -19"><span class='ocrx_word' id='word_1_67' title='bbox 157 733 370 800; x_wconf 78' lang='grc' dir='ltr'>Λυδίην,</span> <span class='ocrx_word' id='word_1_68' title='bbox 425 733 576 787; x_wconf 76' lang='grc' dir='ltr'>αὐτὸς</span> <span class='ocrx_word' id='word_1_69' title='bbox 628 731 850 802; x_wconf 74' lang='grc' dir='ltr'>ἅγγελος</span> <span class='ocrx_word' id='word_1_70' title='bbox 902 732 1113 805; x_wconf 73' lang='grc' dir='ltr'>Κροίσῳ</span> <span class='ocrx_word' id='word_1_71' title='bbox 1174 731 1441 800; x_wconf 80' lang='grc' dir='ltr'>ἐληλύθεε.</span> <span class='ocrx_word' id='word_1_72' title='bbox 1527 732 1779 790; x_wconf 66' lang='grc' dir='ltr'>ἐνθαῦταδ</span> 
     </span>
     <span class='ocr_line' id='line_1_10' title="bbox 159 810 1741 882; baseline 0 -18"><span class='ocrx_word' id='word_1_73' title='bbox 159 813 391 882; x_wconf 81' lang='grc' dir='ltr'>Κροῖσος</span> <span class='ocrx_word' id='word_1_74' title='bbox 437 811 490 866; x_wconf 85' lang='grc' dir='ltr'>ἐς</span> <span class='ocrx_word' id='word_1_75' title='bbox 535 810 751 879; x_wconf 80' lang='grc' dir='ltr'>ἀπορίην</span> <span class='ocrx_word' id='word_1_76' title='bbox 795 810 1001 878; x_wconf 83' lang='grc' dir='ltr'>πολλὴν</span> <span class='ocrx_word' id='word_1_77' title='bbox 1045 810 1337 880; x_wconf 80' lang='grc' dir='ltr'>ἀπιγμένος,</span> <span class='ocrx_word' id='word_1_78' title='bbox 1383 812 1451 866; x_wconf 77' lang='grc' dir='ltr'>ὥς</span> <span class='ocrx_word' id='word_1_79' title='bbox 1502 813 1553 864; x_wconf 79' lang='grc' dir='ltr'>οἱ</span> <span class='ocrx_word' id='word_1_80' title='bbox 1603 811 1741 882; x_wconf 78' lang='grc' dir='ltr'>παρὰ</span> 
     </span>
     <span class='ocr_line' id='line_1_11' title="bbox 157 885 1740 958; baseline 0.001 -16"><span class='ocrx_word' id='word_1_81' title='bbox 157 889 320 956; x_wconf 79' lang='grc' dir='ltr'>δόξαν</span> <span class='ocrx_word' id='word_1_82' title='bbox 353 890 482 956; x_wconf 76' lang='grc' dir='ltr'>ἔσχε</span> <span class='ocrx_word' id='word_1_83' title='bbox 524 889 586 941; x_wconf 82' lang='grc' dir='ltr'>τὰ</span> <span class='ocrx_word' id='word_1_84' title='bbox 619 885 892 958; x_wconf 76' lang='grc' dir='ltr'>πρῆγματα</span> <span class='ocrx_word' id='word_1_85' title='bbox 925 886 956 955; x_wconf 83' lang='grc' dir='ltr'>ἢ</span> <span class='ocrx_word' id='word_1_86' title='bbox 994 889 1062 944; x_wconf 77' lang='grc' dir='ltr'>ὣς</span> <span class='ocrx_word' id='word_1_87' title='bbox 1102 888 1255 944; x_wconf 78' lang='grc' dir='ltr'>αὐτὸς</span> <span class='ocrx_word' id='word_1_88' title='bbox 1288 890 1565 952; x_wconf 74' lang='grc' dir='ltr'>κατεδόκεε,</span> <span class='ocrx_word' id='word_1_89' title='bbox 1604 889 1740 958; x_wconf 78' lang='grc' dir='ltr'>ὅμως</span> 
     </span>
     <span class='ocr_line' id='line_1_12' title="bbox 158 964 1777 1038; baseline -0.001 -18"><span class='ocrx_word' id='word_1_90' title='bbox 158 967 282 1022; x_wconf 81' lang='grc' dir='ltr'>τοὺς</span> <span class='ocrx_word' id='word_1_91' title='bbox 308 967 503 1021; x_wconf 79' lang='grc' dir='ltr'>Λυδοὺς</span> <span class='ocrx_word' id='word_1_92' title='bbox 529 967 680 1036; x_wconf 80' lang='grc' dir='ltr'>ἐξῆγε</span> <span class='ocrx_word' id='word_1_93' title='bbox 706 967 758 1020; x_wconf 87' lang='grc' dir='ltr'>ἐς</span> <span class='ocrx_word' id='word_1_94' title='bbox 783 968 968 1035; x_wconf 81' lang='grc' dir='ltr'>μάχην.</span> <span class='ocrx_word' id='word_1_95' title='bbox 1052 964 1116 1033; x_wconf 85' lang='grc' dir='ltr'>ἦν</span> <span class='ocrx_word' id='word_1_96' title='bbox 1141 967 1196 1021; x_wconf 80' lang='grc' dir='ltr'>δέ</span> <span class='ocrx_word' id='word_1_97' title='bbox 1224 971 1405 1020; x_wconf 89' lang='grc' dir='ltr'>τοῦτον</span> <span class='ocrx_word' id='word_1_98' title='bbox 1430 970 1519 1020; x_wconf 87' lang='grc' dir='ltr'>τὸν</span> <span class='ocrx_word' id='word_1_99' title='bbox 1553 970 1777 1038; x_wconf 62' lang='grc' dir='ltr'>χρόνοισι</span> 
     </span>
     <span class='ocr_line' id='line_1_13' title="bbox 161 1043 1735 1115; baseline 0 -19"><span class='ocrx_word' id='word_1_100' title='bbox 161 1044 308 1100; x_wconf 80' lang='grc' dir='ltr'>ἔθνος</span> <span class='ocrx_word' id='word_1_101' title='bbox 334 1045 482 1098; x_wconf 77' lang='grc' dir='ltr'>οὐδὲν</span> <span class='ocrx_word' id='word_1_102' title='bbox 507 1045 562 1097; x_wconf 88' lang='grc' dir='ltr'>ἐν</span> <span class='ocrx_word' id='word_1_103' title='bbox 587 1047 648 1112; x_wconf 85' lang='grc' dir='ltr'>τῇ</span> <span class='ocrx_word' id='word_1_104' title='bbox 669 1043 822 1110; x_wconf 78' lang='grc' dir='ltr'>Ἀσίῃ</span> <span class='ocrx_word' id='word_1_105' title='bbox 844 1047 963 1097; x_wconf 78' lang='grc' dir='ltr'>οὔτε</span> <span class='ocrx_word' id='word_1_106' title='bbox 987 1044 1353 1115; x_wconf 77' lang='grc' dir='ltr'>ἀνδρειότερον,</span> <span class='ocrx_word' id='word_1_107' title='bbox 1377 1048 1493 1097; x_wconf 72' lang='grc' dir='ltr'>οὔτε</span> <span class='ocrx_word' id='word_1_108' title='bbox 1512 1045 1735 1112; x_wconf 76' lang='grc' dir='ltr'>ἀλκιμώ-</span> 
     </span>
     <span class='ocr_line' id='line_1_14' title="bbox 159 1119 1735 1193; baseline 0 -17"><span class='ocrx_word' id='word_1_109' title='bbox 159 1145 312 1193; x_wconf 86' lang='grc' dir='ltr'>τερον</span> <span class='ocrx_word' id='word_1_110' title='bbox 351 1126 441 1175; x_wconf 87' lang='grc' dir='ltr'>τοῦ</span> <span class='ocrx_word' id='word_1_111' title='bbox 476 1123 680 1176; x_wconf 85' lang='grc' dir='ltr'>Λυδίου.</span> <span class='ocrx_word' id='word_1_112' title='bbox 763 1121 794 1188; x_wconf 86' lang='grc' dir='ltr'><em>ἦ</em></span> <span class='ocrx_word' id='word_1_113' title='bbox 835 1123 892 1177; x_wconf 84' lang='grc' dir='ltr'>δέ</span> <span class='ocrx_word' id='word_1_114' title='bbox 929 1124 1069 1191; x_wconf 82' lang='grc' dir='ltr'>μάχη</span> <span class='ocrx_word' id='word_1_115' title='bbox 1112 1119 1293 1192; x_wconf 83' lang='grc' dir='ltr'>σφέων</span> <span class='ocrx_word' id='word_1_116' title='bbox 1331 1120 1393 1189; x_wconf 82' lang='grc' dir='ltr'>ἦν</span> <span class='ocrx_word' id='word_1_117' title='bbox 1430 1119 1517 1176; x_wconf 81' lang='grc' dir='ltr'>ἀπ’</span> <span class='ocrx_word' id='word_1_118' title='bbox 1551 1120 1735 1184; x_wconf 80' lang='grc' dir='ltr'>ἵππων,</span> 
     </span>
     <span class='ocr_line' id='line_1_15' title="bbox 161 1198 1738 1271; baseline -0.001 -17"><span class='ocrx_word' id='word_1_119' title='bbox 161 1199 386 1271; x_wconf 84' lang='grc' dir='ltr'>δούρατά</span> <span class='ocrx_word' id='word_1_120' title='bbox 410 1222 467 1254; x_wconf 88' lang='grc' dir='ltr'>τε</span> <span class='ocrx_word' id='word_1_121' title='bbox 493 1200 714 1270; x_wconf 88' lang='grc' dir='ltr'>ἐφόρεον</span> <span class='ocrx_word' id='word_1_122' title='bbox 747 1201 964 1271; x_wconf 79' lang='grc' dir='ltr'>μεγάλα,</span> <span class='ocrx_word' id='word_1_123' title='bbox 997 1203 1077 1253; x_wconf 88' lang='grc' dir='ltr'>καὶ</span> <span class='ocrx_word' id='word_1_124' title='bbox 1104 1201 1247 1253; x_wconf 79' lang='grc' dir='ltr'>αὐτοὶ</span> <span class='ocrx_word' id='word_1_125' title='bbox 1273 1198 1407 1267; x_wconf 83' lang='grc' dir='ltr'>ἦσαν</span> <span class='ocrx_word' id='word_1_126' title='bbox 1434 1200 1738 1255; x_wconf 82' lang='grc' dir='ltr'>ἱππεύεσθαι</span> 
     </span>
     <span class='ocr_line' id='line_1_16' title="bbox 160 1278 1837 1350; baseline -0.001 -18"><span class='ocrx_word' id='word_1_127' title='bbox 160 1278 365 1350; x_wconf 81' lang='grc' dir='ltr'>ἀγαθοί.</span> <span class='ocrx_word' id='word_1_128' title='bbox 571 1279 661 1332; x_wconf 89' lang='grc' dir='ltr'>Ἐς</span> <span class='ocrx_word' id='word_1_129' title='bbox 695 1279 754 1330; x_wconf 81' lang='grc' dir='ltr'>τὸ</span> <span class='ocrx_word' id='word_1_130' title='bbox 789 1279 966 1332; x_wconf 88' lang='grc' dir='ltr'>πεδίον</span> <span class='ocrx_word' id='word_1_131' title='bbox 1006 1279 1061 1331; x_wconf 73' lang='grc' dir='ltr'>δέ</span> <span class='ocrx_word' id='word_1_132' title='bbox 1104 1279 1455 1332; x_wconf 82' lang='grc' dir='ltr'>συνελθόντων</span> <span class='ocrx_word' id='word_1_133' title='bbox 1488 1283 1641 1332; x_wconf 88' lang='grc' dir='ltr'>τοῦτο</span> <span class='ocrx_word' id='word_1_134' title='bbox 1678 1281 1736 1331; x_wconf 83' lang='grc' dir='ltr'>τὸ</span> <span class='ocrx_word' id='word_1_135' title='bbox 1760 1279 1837 1332; x_wconf 88' lang='grc'>80</span> 
     </span>
     <span class='ocr_line' id='line_1_17' title="bbox 157 1356 1739 1427; baseline -0.001 -17"><span class='ocrx_word' id='word_1_136' title='bbox 157 1359 264 1427; x_wconf 83' lang='grc' dir='ltr'>πρὸ</span> <span class='ocrx_word' id='word_1_137' title='bbox 302 1359 396 1410; x_wconf 77' lang='grc' dir='ltr'>τοῦ</span> <span class='ocrx_word' id='word_1_138' title='bbox 433 1356 620 1412; x_wconf 77' lang='grc' dir='ltr'>ὅστεός</span> <span class='ocrx_word' id='word_1_139' title='bbox 659 1356 773 1408; x_wconf 82' lang='grc' dir='ltr'>ἐστι</span> <span class='ocrx_word' id='word_1_140' title='bbox 811 1360 904 1408; x_wconf 90' lang='grc' dir='ltr'>τοῦ</span> <span class='ocrx_word' id='word_1_141' title='bbox 944 1357 1235 1426; x_wconf 82' lang='grc' dir='ltr'>Σαρδιηνοῦ,</span> <span class='ocrx_word' id='word_1_142' title='bbox 1272 1357 1356 1408; x_wconf 88' lang='grc' dir='ltr'>ἐὸν</span> <span class='ocrx_word' id='word_1_143' title='bbox 1393 1356 1525 1426; x_wconf 84' lang='grc' dir='ltr'>μέγα</span> <span class='ocrx_word' id='word_1_144' title='bbox 1562 1378 1619 1409; x_wconf 89' lang='grc' dir='ltr'>τε</span> <span class='ocrx_word' id='word_1_145' title='bbox 1658 1358 1739 1409; x_wconf 84' lang='grc' dir='ltr'>καὶ</span> 
     </span>
     <span class='ocr_line' id='line_1_18' title="bbox 157 1430 1739 1505; baseline 0.001 -19"><span class='ocrx_word' id='word_1_146' title='bbox 157 1435 348 1505; x_wconf 71' lang='grc' dir='ltr'>ψιλὸν,</span> <span class='ocrx_word' id='word_1_147' title='bbox 391 1430 500 1505; x_wconf 82' lang='grc' dir='ltr'>(διὰ</span> <span class='ocrx_word' id='word_1_148' title='bbox 545 1435 603 1488; x_wconf 75' lang='grc' dir='ltr'>δὲ</span> <span class='ocrx_word' id='word_1_149' title='bbox 647 1435 800 1486; x_wconf 82' lang='grc' dir='ltr'>αὐτοῦ</span> <span class='ocrx_word' id='word_1_150' title='bbox 844 1435 1064 1502; x_wconf 80' lang='grc' dir='ltr'>ποταμοὶ</span> <span class='ocrx_word' id='word_1_151' title='bbox 1102 1433 1303 1505; x_wconf 84' lang='grc' dir='ltr'>ῥέοντες</span> <span class='ocrx_word' id='word_1_152' title='bbox 1342 1434 1424 1485; x_wconf 77' lang='grc' dir='ltr'>καὶ</span> <span class='ocrx_word' id='word_1_153' title='bbox 1463 1433 1617 1485; x_wconf 75' lang='grc' dir='ltr'>ἄλλοι</span> <span class='ocrx_word' id='word_1_154' title='bbox 1658 1435 1739 1487; x_wconf 72' lang='grc' dir='ltr'>καὶ</span> 
     </span>
     <span class='ocr_line' id='line_1_19' title="bbox 150 1510 1735 1583; baseline -0.002 -18"><span class='ocrx_word' id='word_1_155' title='bbox 150 1512 354 1568; x_wconf 59' lang='lat' dir='ltr'>‘ruos-</span> <span class='ocrx_word' id='word_1_156' title='bbox 379 1515 696 1583; x_wconf 79' lang='grc' dir='ltr'>συρρηγνῦσι</span> <span class='ocrx_word' id='word_1_157' title='bbox 724 1512 776 1566; x_wconf 87' lang='grc' dir='ltr'>ἐς</span> <span class='ocrx_word' id='word_1_158' title='bbox 801 1513 890 1564; x_wconf 84' lang='grc' dir='ltr'>τὸν</span> <span class='ocrx_word' id='word_1_159' title='bbox 915 1513 1181 1580; x_wconf 81' lang='grc' dir='ltr'>μέγιστον,</span> <span class='ocrx_word' id='word_1_160' title='bbox 1206 1513 1511 1578; x_wconf 87' lang='grc' dir='ltr'>καλεόμενον</span> <span class='ocrx_word' id='word_1_161' title='bbox 1536 1512 1591 1563; x_wconf 78' lang='grc' dir='ltr'>δὲ</span> <span class='ocrx_word' id='word_1_162' title='bbox 1611 1510 1735 1580; x_wconf 67' lang='grc' dir='ltr'>Ἐρ-</span> 
     </span>
     <span class='ocr_line' id='line_1_20' title="bbox 159 1587 1742 1660; baseline -0.001 -18"><span class='ocrx_word' id='word_1_163' title='bbox 159 1612 279 1658; x_wconf 92' lang='grc' dir='ltr'>μον,</span> <span class='ocrx_word' id='word_1_164' title='bbox 302 1588 358 1644; x_wconf 82' lang='grc' dir='ltr'>ὃς</span> <span class='ocrx_word' id='word_1_165' title='bbox 385 1590 443 1656; x_wconf 81' lang='grc' dir='ltr'>ἐξ</span> <span class='ocrx_word' id='word_1_166' title='bbox 468 1593 644 1660; x_wconf 78' lang='grc' dir='ltr'>οὔρεος</span> <span class='ocrx_word' id='word_1_167' title='bbox 671 1591 782 1659; x_wconf 88' lang='grc' dir='ltr'>ἱροῦ</span> <span class='ocrx_word' id='word_1_168' title='bbox 809 1591 1018 1659; x_wconf 84' lang='grc' dir='ltr'>Μητρὸς</span> <span class='ocrx_word' id='word_1_169' title='bbox 1044 1587 1356 1655; x_wconf 78' lang='grc' dir='ltr'>Δινδυμήνης</span> <span class='ocrx_word' id='word_1_170' title='bbox 1381 1587 1528 1658; x_wconf 82' lang='grc' dir='ltr'>ῥέων,</span> <span class='ocrx_word' id='word_1_171' title='bbox 1552 1588 1742 1642; x_wconf 84' lang='grc' dir='ltr'>ἐκδιδοῖ</span> 
     </span>
     <span class='ocr_line' id='line_1_21' title="bbox 159 1659 1786 1737; baseline -0.001 -15"><span class='ocrx_word' id='word_1_172' title='bbox 159 1667 218 1723; x_wconf 78' lang='grc' dir='ltr'>ἐς</span> <span class='ocrx_word' id='word_1_173' title='bbox 246 1667 518 1721; x_wconf 87' lang='grc' dir='ltr'>θάλασσαν</span> <span class='ocrx_word' id='word_1_174' title='bbox 545 1668 670 1720; x_wconf 84' lang='grc' dir='ltr'>κατὰ</span> <span class='ocrx_word' id='word_1_175' title='bbox 695 1667 925 1733; x_wconf 81' lang='grc' dir='ltr'>Φωκαίην</span> <span class='ocrx_word' id='word_1_176' title='bbox 949 1659 1149 1735; x_wconf 88' lang='grc' dir='ltr'>πόλιν,)</span> <span class='ocrx_word' id='word_1_177' title='bbox 1178 1664 1393 1719; x_wconf 88' lang='grc' dir='ltr'>ἐνθαῦτα</span> <span class='ocrx_word' id='word_1_178' title='bbox 1419 1669 1447 1719; x_wconf 83' lang='grc' dir='ltr'>ὁ</span> <span class='ocrx_word' id='word_1_179' title='bbox 1480 1669 1645 1737; x_wconf 87' lang='grc' dir='ltr'>Κῦρος</span> <span class='ocrx_word' id='word_1_180' title='bbox 1672 1667 1739 1722; x_wconf 82' lang='grc' dir='ltr'>ὧς</span> <span class='ocrx_word' id='word_1_181' title='bbox 1760 1679 1786 1721; x_wconf 78' lang='lat'>2</span> 
     </span>
     <span class='ocr_line' id='line_1_22' title="bbox 160 1741 1739 1816; baseline 0.001 -18"><span class='ocrx_word' id='word_1_182' title='bbox 160 1741 268 1800; x_wconf 79' lang='grc' dir='ltr'>εἶδε</span> <span class='ocrx_word' id='word_1_183' title='bbox 292 1745 412 1800; x_wconf 76' lang='grc' dir='ltr'>τοὺς</span> <span class='ocrx_word' id='word_1_184' title='bbox 436 1747 630 1800; x_wconf 87' lang='grc' dir='ltr'>Λυδοὺς</span> <span class='ocrx_word' id='word_1_185' title='bbox 656 1741 708 1800; x_wconf 82' lang='grc' dir='ltr'>ές</span> <span class='ocrx_word' id='word_1_186' title='bbox 741 1746 910 1813; x_wconf 88' lang='grc' dir='ltr'>μάχην</span> <span class='ocrx_word' id='word_1_187' title='bbox 944 1745 1313 1812; x_wconf 83' lang='grc' dir='ltr'>τασσομένους,</span> <span class='ocrx_word' id='word_1_188' title='bbox 1343 1743 1739 1816; x_wconf 81' lang='grc' dir='ltr'>καταρρωδήσας</span> 
     </span>
     <span class='ocr_line' id='line_1_23' title="bbox 158 1821 1735 1894; baseline -0.001 -16"><span class='ocrx_word' id='word_1_189' title='bbox 158 1824 254 1892; x_wconf 81' lang='grc' dir='ltr'>τὴν</span> <span class='ocrx_word' id='word_1_190' title='bbox 280 1821 451 1886; x_wconf 82' lang='grc' dir='ltr'>ἵππον,</span> <span class='ocrx_word' id='word_1_191' title='bbox 471 1823 701 1890; x_wconf 84' lang='grc' dir='ltr'>ἐποίησε,</span> <span class='ocrx_word' id='word_1_192' title='bbox 719 1821 977 1893; x_wconf 69' lang='grc' dir='ltr'>’Λρπάγου</span> <span class='ocrx_word' id='word_1_193' title='bbox 995 1823 1305 1890; x_wconf 79' lang='grc' dir='ltr'>ὑποθεμένου</span> <span class='ocrx_word' id='word_1_194' title='bbox 1325 1823 1505 1894; x_wconf 79' lang='grc' dir='ltr'>ἀνδρὸς</span> <span class='ocrx_word' id='word_1_195' title='bbox 1533 1822 1735 1892; x_wconf 79' lang='grc' dir='ltr'>Μήδου,</span> 
     </span>
     <span class='ocr_line' id='line_1_24' title="bbox 157 1900 1784 1974; baseline 0.001 -18"><span class='ocrx_word' id='word_1_196' title='bbox 157 1903 376 1956; x_wconf 79' lang='grc' dir='ltr'>τοιόνδε.</span> <span class='ocrx_word' id='word_1_197' title='bbox 458 1901 580 1956; x_wconf 80' lang='grc' dir='ltr'>ὅσαι</span> <span class='ocrx_word' id='word_1_198' title='bbox 605 1904 678 1973; x_wconf 77' lang='grc' dir='ltr'>τῷ</span> <span class='ocrx_word' id='word_1_199' title='bbox 705 1907 910 1974; x_wconf 70' lang='grc' dir='ltr'>στρατῷ</span> <span class='ocrx_word' id='word_1_200' title='bbox 933 1903 1007 1974; x_wconf 72' lang='grc' dir='ltr'>τῷ</span> <span class='ocrx_word' id='word_1_201' title='bbox 1034 1903 1223 1953; x_wconf 81' lang='grc' dir='ltr'>ἑωυτοῦ</span> <span class='ocrx_word' id='word_1_202' title='bbox 1250 1900 1432 1954; x_wconf 77' lang='grc' dir='ltr'>ἕποντο</span> <span class='ocrx_word' id='word_1_203' title='bbox 1460 1904 1736 1972; x_wconf 87' lang='grc' dir='ltr'>σιτοφόροι</span> <span class='ocrx_word' id='word_1_204' title='bbox 1757 1916 1784 1957; x_wconf 72' lang='lat'><em>8</em></span> 
     </span>
     <span class='ocr_line' id='line_1_25' title="bbox 156 1975 1739 2049; baseline -0.002 -16"><span class='ocrx_word' id='word_1_205' title='bbox 156 2002 218 2033; x_wconf 74' lang='grc' dir='ltr'>τε</span> <span class='ocrx_word' id='word_1_206' title='bbox 253 1980 338 2033; x_wconf 81' lang='grc' dir='ltr'>καὶ</span> <span class='ocrx_word' id='word_1_207' title='bbox 373 1981 686 2049; x_wconf 86' lang='grc' dir='ltr'>σκευοφόροι</span> <span class='ocrx_word' id='word_1_208' title='bbox 726 1980 960 2046; x_wconf 87' lang='grc' dir='ltr'>κάμηλοι,</span> <span class='ocrx_word' id='word_1_209' title='bbox 1000 1975 1183 2034; x_wconf 84' lang='grc' dir='ltr'>ταύτας</span> <span class='ocrx_word' id='word_1_210' title='bbox 1216 1982 1387 2034; x_wconf 88' lang='grc' dir='ltr'>πάσας</span> <span class='ocrx_word' id='word_1_211' title='bbox 1423 1980 1628 2041; x_wconf 82' lang='grc' dir='ltr'>ἁλίσας,</span> <span class='ocrx_word' id='word_1_212' title='bbox 1657 1979 1739 2031; x_wconf 75' lang='grc' dir='ltr'>καὶ</span> 
     </span>
     <span class='ocr_line' id='line_1_26' title="bbox 157 2056 1739 2127; baseline -0.002 -16"><span class='ocrx_word' id='word_1_213' title='bbox 157 2058 368 2111; x_wconf 74' lang='grc' dir='ltr'>ἀπελὼν</span> <span class='ocrx_word' id='word_1_214' title='bbox 405 2059 468 2110; x_wconf 84' lang='grc' dir='ltr'>τὰ</span> <span class='ocrx_word' id='word_1_215' title='bbox 508 2057 687 2126; x_wconf 81' lang='grc' dir='ltr'>ἄχθεα,</span> <span class='ocrx_word' id='word_1_216' title='bbox 728 2057 910 2127; x_wconf 75' lang='grc' dir='ltr'>ἄνδρας</span> <span class='ocrx_word' id='word_1_217' title='bbox 963 2056 1040 2110; x_wconf 82' lang='grc' dir='ltr'>ἐπ’</span> <span class='ocrx_word' id='word_1_218' title='bbox 1083 2057 1237 2111; x_wconf 77' lang='grc' dir='ltr'>αὐτὸς</span> <span class='ocrx_word' id='word_1_219' title='bbox 1282 2058 1505 2123; x_wconf 79' lang='grc' dir='ltr'>ἀνέβησε</span> <span class='ocrx_word' id='word_1_220' title='bbox 1547 2057 1739 2109; x_wconf 78' lang='grc' dir='ltr'>ἱππάδα</span> 
     </span>
     <span class='ocr_line' id='line_1_27' title="bbox 160 2133 1739 2203; baseline -0.003 -15"><span class='ocrx_word' id='word_1_221' title='bbox 160 2136 361 2203; x_wconf 85' lang='grc' dir='ltr'>στολὴν</span> <span class='ocrx_word' id='word_1_222' title='bbox 387 2134 806 2202; x_wconf 83' lang='grc' dir='ltr'>ἐνεσταλμένους.</span> <span class='ocrx_word' id='word_1_223' title='bbox 851 2136 1109 2189; x_wconf 87' lang='grc' dir='ltr'>σκευάσας</span> <span class='ocrx_word' id='word_1_224' title='bbox 1136 2135 1191 2186; x_wconf 79' lang='grc' dir='ltr'>δὲ</span> <span class='ocrx_word' id='word_1_225' title='bbox 1218 2134 1418 2193; x_wconf 78' lang='grc' dir='ltr'>αὐτοὺς,</span> <span class='ocrx_word' id='word_1_226' title='bbox 1447 2133 1739 2203; x_wconf 81' lang='grc' dir='ltr'>προσέταξε</span> 
     </span>
     <span class='ocr_line' id='line_1_28' title="bbox 155 2207 1735 2283; baseline -0.004 -15"><span class='ocrx_word' id='word_1_227' title='bbox 155 2216 252 2281; x_wconf 82' lang='grc' dir='ltr'>τῆς</span> <span class='ocrx_word' id='word_1_228' title='bbox 277 2214 441 2280; x_wconf 71' lang='grc' dir='ltr'>ἄλλης</span> <span class='ocrx_word' id='word_1_229' title='bbox 477 2215 718 2283; x_wconf 81' lang='grc' dir='ltr'>στρατιῆς</span> <span class='ocrx_word' id='word_1_230' title='bbox 752 2213 979 2283; x_wconf 84' lang='grc' dir='ltr'>προῒέναι</span> <span class='ocrx_word' id='word_1_231' title='bbox 1006 2214 1134 2282; x_wconf 85' lang='grc' dir='ltr'>πρὸς</span> <span class='ocrx_word' id='word_1_232' title='bbox 1170 2211 1261 2278; x_wconf 82' lang='grc' dir='ltr'>τὴν</span> <span class='ocrx_word' id='word_1_233' title='bbox 1297 2211 1526 2280; x_wconf 85' lang='grc' dir='ltr'>Κροίσου</span> <span class='ocrx_word' id='word_1_234' title='bbox 1562 2207 1735 2275; x_wconf 79' lang='grc' dir='ltr'>ἵππον,</span> 
     </span>
     <span class='ocr_line' id='line_1_29' title="bbox 155 2285 1735 2364; baseline -0.004 -19"><span class='ocrx_word' id='word_1_235' title='bbox 155 2296 222 2359; x_wconf 81' lang='grc' dir='ltr'>τῇ</span> <span class='ocrx_word' id='word_1_236' title='bbox 253 2292 310 2346; x_wconf 81' lang='grc' dir='ltr'>δὲ</span> <span class='ocrx_word' id='word_1_237' title='bbox 335 2290 543 2364; x_wconf 75' lang='grc' dir='ltr'>καμήλῳ</span> <span class='ocrx_word' id='word_1_238' title='bbox 573 2289 786 2343; x_wconf 84' lang='grc' dir='ltr'>ἔπεσθαι</span> <span class='ocrx_word' id='word_1_239' title='bbox 813 2291 902 2343; x_wconf 82' lang='grc' dir='ltr'>τὸν</span> <span class='ocrx_word' id='word_1_240' title='bbox 925 2291 1079 2354; x_wconf 76' lang='grc' dir='ltr'>πεζὸν</span> <span class='ocrx_word' id='word_1_241' title='bbox 1106 2290 1327 2357; x_wconf 85' lang='grc' dir='ltr'>στρατὸν</span> <span class='ocrx_word' id='word_1_242' title='bbox 1352 2287 1571 2340; x_wconf 83' lang='grc' dir='ltr'>ἐκέλευε·</span> <span class='ocrx_word' id='word_1_243' title='bbox 1622 2285 1735 2340; x_wconf 77' lang='grc' dir='ltr'>ὄπι-</span> 
     </span>
     <span class='ocr_line' id='line_1_30' title="bbox 156 2362 1783 2434; baseline -0.003 -11"><span class='ocrx_word' id='word_1_244' title='bbox 156 2367 262 2423; x_wconf 88' lang='grc' dir='ltr'>σθε</span> <span class='ocrx_word' id='word_1_245' title='bbox 289 2369 344 2422; x_wconf 78' lang='grc' dir='ltr'>δὲ</span> <span class='ocrx_word' id='word_1_246' title='bbox 371 2373 462 2422; x_wconf 86' lang='grc' dir='ltr'>τοῦ</span> <span class='ocrx_word' id='word_1_247' title='bbox 487 2370 644 2433; x_wconf 76' lang='grc' dir='ltr'>πεζοῦ</span> <span class='ocrx_word' id='word_1_248' title='bbox 671 2367 885 2433; x_wconf 81' lang='grc' dir='ltr'>ἐπέταξε</span> <span class='ocrx_word' id='word_1_249' title='bbox 919 2367 1011 2434; x_wconf 83' lang='grc' dir='ltr'>τὴν</span> <span class='ocrx_word' id='word_1_250' title='bbox 1045 2369 1219 2420; x_wconf 79' lang='grc' dir='ltr'>πᾶσαν</span> <span class='ocrx_word' id='word_1_251' title='bbox 1254 2362 1427 2418; x_wconf 78' lang='grc' dir='ltr'>ἵππον.</span> <span class='ocrx_word' id='word_1_252' title='bbox 1512 2365 1580 2418; x_wconf 82' lang='grc' dir='ltr'>ὧς</span> <span class='ocrx_word' id='word_1_253' title='bbox 1607 2365 1665 2417; x_wconf 87' lang='grc' dir='ltr'>δέ</span> <span class='ocrx_word' id='word_1_254' title='bbox 1690 2366 1740 2417; x_wconf 90' lang='grc' dir='ltr'>οἱ</span> <span class='ocrx_word' id='word_1_255' title='bbox 1756 2377 1783 2418; x_wconf 74' lang='grc'><strong>4</strong></span> 
     </span>
     <span class='ocr_line' id='line_1_31' title="bbox 153 2442 1742 2515; baseline -0.005 -13"><span class='ocrx_word' id='word_1_256' title='bbox 153 2448 346 2502; x_wconf 82' lang='grc' dir='ltr'>πάντες</span> <span class='ocrx_word' id='word_1_257' title='bbox 385 2447 730 2515; x_wconf 80' lang='grc' dir='ltr'>διετετάχατο,</span> <span class='ocrx_word' id='word_1_258' title='bbox 765 2445 1043 2514; x_wconf 88' lang='grc' dir='ltr'>παραίνεσε</span> <span class='ocrx_word' id='word_1_259' title='bbox 1081 2448 1181 2496; x_wconf 81' lang='grc' dir='ltr'>τῶν</span> <span class='ocrx_word' id='word_1_260' title='bbox 1219 2443 1311 2510; x_wconf 80' lang='grc' dir='ltr'>μὲν</span> <span class='ocrx_word' id='word_1_261' title='bbox 1350 2442 1525 2494; x_wconf 74' lang='grc' dir='ltr'>ἄλλων</span> <span class='ocrx_word' id='word_1_262' title='bbox 1565 2442 1742 2494; x_wconf 82' lang='grc' dir='ltr'>Λυδῶν</span> 
     </span>
     <span class='ocr_line' id='line_1_32' title="bbox 154 2518 1738 2594; baseline -0.006 -16"><span class='ocrx_word' id='word_1_263' title='bbox 154 2525 230 2594; x_wconf 77' lang='grc' dir='ltr'>μὴ</span> <span class='ocrx_word' id='word_1_264' title='bbox 257 2525 610 2594; x_wconf 83' lang='grc' dir='ltr'>φειδομένους,</span> <span class='ocrx_word' id='word_1_265' title='bbox 641 2524 850 2576; x_wconf 83' lang='grc' dir='ltr'>κτείνειν</span> <span class='ocrx_word' id='word_1_266' title='bbox 883 2522 1050 2576; x_wconf 84' lang='grc' dir='ltr'>πάντα</span> <span class='ocrx_word' id='word_1_267' title='bbox 1072 2522 1162 2572; x_wconf 83' lang='grc' dir='ltr'>τὸν</span> <span class='ocrx_word' id='word_1_268' title='bbox 1187 2518 1423 2586; x_wconf 81' lang='grc' dir='ltr'>ἐμποδὼν</span> <span class='ocrx_word' id='word_1_269' title='bbox 1456 2520 1738 2588; x_wconf 80' lang='grc' dir='ltr'>γινόμενον,</span> 
     </span>
    </p>
   </div>
  </div>
 </body>
</html>
