1975 2892
579 119 1071 168 eAAEIA.-—111.
1101 119 1243 170 8-12.
1580 116 1691 170 225

102 177 169 216 01.
193 179 253 220 63.
272 177 333 226 3.]

99 229 337 298 Ἀμασις
370 227 598 301 τέσσερα
632 231 715 284 καὶ
754 233 1134 302 τεσσεράκοντα
1172 233 1304 298 ἔτεα,
1347 231 1581 286 ἀπέθανε·
1645 235 1701 286 ε’ν

112 311 261 362 τοῖσι
287 307 435 361 οὐδέν
460 310 509 361 οἷ
544 308 675 379 μέγα
700 309 946 379 ἀνάρσιον
970 311 1180 380 πρῆγμα
1208 311 1526 380 συνενείχθη.
1569 311 1696 364 ἀπο-

116 387 286 439 θανὼν
320 387 394 447 δὲ,
424 388 506 439 καὶ
543 386 876 457 ταριχευθεὶς,
906 387 1074 456 ε’τάφη
1102 385 1157 440 ἔν
1187 390 1308 455 τῇσι
1343 391 1542 458 ταφῇσι
1578 393 1700 457 τῇσι

115 464 177 518 ἔν
215 470 287 536 τῷ
319 466 428 538 ἱρῷ,
457 465 549 520 τὰς
582 465 734 520 αὐτὸς
774 463 1168 533 οἰκοδομῆσατο.
1221 465 1340 519 Ἐπὶ
1374 467 1736 534 Ψαμμηνίτου3

117 543 177 596 δὲ
205 545 297 595 τοῦ
321 542 571 611 Ἀμάσιος
600 541 975 608 βασιλεύοντος
1001 542 1281 613 Αἰγύπτου,
1312 545 1500 612 φάσμα
1540 545 1698 615 Αἰγυ-

116 619 319 675 πτίοισι
358 621 607 691 μέγιστον
647 621 709 689 δὴ
750 621 972 692 ε’γένετο·
1021 618 1262 688 ὕσθησαν
1299 623 1400 692 γὰρ
1441 623 1609 689 Θῆβαι
1649 625 1702 676 αἱ

119 696 411 768 Αἰγύπτιαι,
442 701 560 751 οὔτε
598 701 847 770 πρότερον
872 699 1068 767 οὐδαμὰ
1105 698 1362 760 ὑσθεῖσαι,
1393 703 1511 752 οὔτε
1546 696 1698 753 ὕστε-

119 797 213 846 ρον
250 777 310 830 τὸ
344 777 499 846 μέχρι
526 775 663 844 ε’μεῦ,
694 778 763 833 ὧς
794 777 1015 848 λέγουσι
1051 777 1195 830 αὐτοὶ
1233 779 1468 844 Θηβαῖοι.
1514 778 1576 830 οὔ
1600 779 1738 849 γὰρ4

123 855 185 922 δὴ
221 852 361 907 ὕεται
399 856 464 907 τὰ
494 854 595 908 ἅνω
632 856 723 922 τῆς
756 853 1017 926 Αἰγύπτου
1049 856 1108 909 τὸ
1143 858 1398 927 παράπαν·
1442 856 1581 908 ἀλλὰ
1620 857 1702 909 καὶ

122 935 241 985 τότε
280 929 519 999 ὕσθησαν
556 933 608 984 αἱ
646 935 813 1000 Θῆβαι
848 934 1066 1003 ψακάδι.
1281 935 1342 986 Οἱ
1384 934 1440 986 δὲ
1479 934 1698 1004 Πέρσαι,
1720 935 1788 988 ll

125 1010 239 1065 ε’πεί
278 1032 335 1063 τε
374 1011 763 1077 διεξελάσαντες
801 1011 893 1078 τὴν
932 1011 1148 1081 ἄνυδρον
1187 1009 1353 1078 ἵζοντο
1393 1012 1560 1067 πέλας
1600 1018 1704 1066 τῶν

123 1089 415 1158 Αἰγυπτίων
455 1090 525 1144 ὧς
564 1089 963 1158 συμβαλέοντες,
1010 1085 1224 1142 ἐνθαῦτα
1265 1091 1312 1142 οἱ
1353 1089 1612 1159 ἐπίκουροι
1653 1093 1702 1145 οἱ

124 1171 217 1221 τοῦ
261 1166 562 1238 Αἰγυπτίου,
600 1167 769 1222 ἐόντες
808 1167 986 1238 ἄνδρες
1013 1165 1266 1235 Ἔλληνές
1295 1189 1372 1220 τεὴ
1394 1168 1476 1219 καὶ
1519 1171 1699 1238 Κᾶρες,

124 1247 445 1314 μεμφόμενοι
482 1247 553 1319 τῷ
580 1247 735 1312 Φάνῃ,
766 1245 845 1298 ὅτι
885 1247 1108 1316 στρατὸν
1143 1248 1304 1316 ἤγαγε
1339 1243 1418 1298 ἔπ’
1445 1243 1704 1316 Αἴγυπτον

126 1323 435 1394 ἀλλόθροον,
464 1329 783 1392 μηχανῶνται
821 1326 1031 1394 πρῆγμα
1057 1323 1110 1378 ἔς
1136 1324 1288 1376 αὐτὸν
1312 1323 1527 1376 τοιόνδε.
1570 1321 1740 1388 ἧσαν2

126 1406 199 1474 τῷ
226 1403 361 1470 Φάνῃ
389 1403 565 1456 παῖδες
584 1401 641 1454 ε’ν
661 1399 901 1474 Αἰγύπτῳ
922 1401 1390 1468 καταλελειμμένοι·
1435 1399 1554 1454 τοὺς
1574 1400 1700 1470 ἀγα-

122 1485 304 1552 γόντες
328 1478 382 1535 ε’ς
408 1481 467 1532 τὸ
496 1481 844 1550 στρατόπεδον
879 1479 961 1531 καὶ
988 1477 1044 1533 ἐς
1070 1477 1199 1548 ὄψιν
1224 1481 1316 1531 τοῦ
1341 1479 1551 1548 πατρὸς,
1583 1499 1701 1548 κρη-

124 1561 256 1629 τῆρα
293 1557 349 1611 ἐν
392 1558 537 1629 μέσῳ
564 1560 792 1625 ἔστησαν
830 1555 1136 1626 ἀμφοτέρων
1181 1561 1282 1608 τῶν
1323 1553 1702 1625 στρατοπέδων·

123 1637 255 1705 μετὰ
307 1637 381 1699 δὲ,
437 1636 721 1707 ἀγινέοντες
771 1635 897 1687 κατὰ
950 1633 1038 1687 ἕνα
1089 1633 1308 1686 ἕκαστον
1352 1639 1452 1686 τῶν
1492 1633 1706 1694 παίδων,

125 1715 361 1783 ἔσφαζον
390 1714 445 1769 ἐς
486 1715 575 1767 τὸν
615 1715 855 1784 κρητῆρα.
901 1713 984 1765 διὰ
1023 1713 1226 1766 πάντων
1265 1712 1322 1765 δὲ
1361 1711 1746 1778 διεξελθόντεςρ,

126 1798 231 1846 τῶν
269 1793 481 1852 παίδων,
525 1787 663 1845 οἶνόν
701 1813 758 1844 τε
800 1791 881 1844 καὶ
921 1787 1060 1859 ὕδωρ
1105 1789 1393 1860 ε’σεφόρεον
1437 1792 1492 1844 ἐς
1533 1789 1705 1843 αὐτόν·

127 1870 394 1939 ἐμπιόντες
420 1871 476 1923 δὲ
506 1873 599 1923 τοῦ
636 1867 845 1937 αἵματος
874 1870 1058 1923 πάντες
1093 1870 1143 1921 οἱ
1168 1868 1450 1939 ἐπίκουροι,
1479 1865 1612 1921 οὕτω
1646 1869 1706 1936 δὴ

128 1949 441 2014 συνέβαλον.
482 1949 650 2018 μάχης
675 1948 732 2000 δὲ
756 1946 1026 2018 γενομένης
1052 1948 1309 2017 καρτερῆς,
1340 1947 1420 2000 καὶ
1446 1949 1709 2000 πεσόντων

128 2027 191 2094 ἐξ
217 2025 525 2097 ἀμφοτέρων
561 2031 663 2079 τῶν
690 2024 1052 2096 στρατοπέδων
1085 2023 1275 2092 πλήθεΐ
1297 2028 1528 2085 πολλῶν,
1558 2023 1705 2094 ε’τρά-

124 2125 289 2162 ποντο
327 2106 377 2159 οἱ
410 2104 694 2171 Αἰγύπτιοι.
904 2108 1092 2169 Θῶυμα
1128 2103 1182 2154 δὲ
1222 2103 1353 2172 μέγα
1389 2100 1518 2163 ἴδον,
1547 2102 1704 2155 πυθό-
1729 2102 1800 2154 12

124 2205 281 2254 μενος
304 2184 441 2253 παρὰ
467 2187 568 2236 τῶν
594 2181 900 2253 ἐπιχωρίων.
942 2184 1045 2232 τῶν
1078 2181 1178 2250 γὰρ
1217 2179 1414 2232 ὀστέων
1438 2200 1706 2250 περικεχυ-

124 2261 292 2332 μένων
316 2263 475 2331 χωρὶς
502 2261 749 2331 ἑκατέρων
783 2264 883 2312 τῶν
909 2257 963 2312 ε’ν
988 2261 1051 2326 τῇ
1077 2259 1216 2326 μάχῃ
1244 2255 1398 2323 ταύτῃ
1425 2260 1705 2310 πεσόντων·

129 2339 318 2414 (χωρὶς
342 2341 435 2409 μὲν
458 2341 559 2411 γὰρ
586 2344 687 2392 τῶν
712 2337 959 2408 Περσέων
984 2336 1155 2388 ἐκέετο
1187 2337 1250 2387 τὰ
1277 2334 1452 2395 ὀστέα,
1483 2335 1550 2389 ὣς
1576 2333 1707 2403 ε’χω-

125 2417 287 2491 ρίσθη
316 2417 420 2470 κατ’
458 2419 637 2489 ἀρχάς·
682 2414 890 2486 ἑτέρωθι
927 2415 1001 2476 δὲ,
1031 2419 1132 2466 τῶν
1157 2406 1498 2484 Αἰγυπτίων“)
1542 2414 1594 2465 αἱ
1619 2413 1751 2482 pem

125 2502 232 2551 τῶν
273 2496 521 2567 Περσέων
562 2495 787 2563 κεφαλαί
829 2493 933 2546 εἰσι
984 2490 1224 2546 ἀσθενέες
1277 2487 1426 2551 οὕτω,
1477 2491 1614 2544 ὥστε
1667 2491 1712 2544 εἰ

128 2575 308 2630 θέλεις
339 2571 513 2647 ψήφῳ
542 2570 702 2641 μούνῃ
736 2571 961 2636 βαλέειν,
1005 2569 1382 2628 διατετρανέεις*
1427 2569 1480 2621 αἱ
1515 2570 1572 2623 δὲ
1611 2575 1714 2623 τῶν

204 2663 302 2694 τοι.
322 2663 354 2693 ι.
907 2664 946 2705 Q

1849 2631 1954 2842 A
