1975 2892
552 98 1037 149 GAAEIA.-—-111.
1067 103 1241 163 38·4¹·
1572 101 1687 155 243

80 163 165 202 01.
186 163 246 201 63.
268 160 328 209 4.]

88 215 189 266 καὶ
233 212 296 280 ἦν
337 213 610 282 βεβωμένα
651 214 746 267 «ivd
787 237 842 268 τε
885 216 978 284 τὴν
1018 216 1227 283 Ἰωνίην,
1272 218 1354 271 καὶ
1395 216 1487 285 τὴν
1528 216 1695 284 ἅλλην

85 292 356 345 Ἐλλάδω
421 290 542 345 ὅκου
593 293 694 363 γὰρ
739 291 934 346 ἰθύσειε
989 294 1379 364 στρατεύεσθαι,
1426 297 1589 349 πάντα
1642 297 1691 349 οἱ
1706 305 1732 346 4

93 370 300 441 ἐχώρεε
335 370 602 439 εὐτυχέως.
647 371 824 437 ἔκτητο
861 372 916 423 δὲ
943 372 1367 442 πεντηκοντέρους
1402 395 1459 426 τε
1495 375 1691 435 ἑκατὸν,

93 449 191 500 καὶ
210 448 416 517 χιλίους
435 448 668 514 τοξότας”
699 450 856 518 ἔφερε
881 449 937 501 δὲ
966 450 1048 501 καὶ
1074 446 1167 519 ἦγε
1191 451 1399 511 πάντας,
1428 452 1695 522 διακρίνων

95 525 306 579 οὐδένα.
351 527 423 599 τῷ
446 527 548 597 γὰρ
575 526 720 599 φίλῳ
741 528 843 595 ἔφη
871 527 1165 597 χαριεῖσθαι
1190 530 1395 596 μᾶλλον
1420 529 1729 590 ἀποδιδούςε

93 605 170 657 τὰ
212 605 396 669 ἔλαβε,
445 603 474 671 ἢ
516 604 680 675 ἀρχὴν
709 605 843 672 μηδὲ
881 606 1081 669 λαβὼν.
1126 606 1321 675 συχνὰς
1358 606 1452 673 μὲν
1491 606 1552 673 δὴ
1592 611 1729 665 τῶνο

97 680 279 749 νήσων
310 681 526 754 αἷρῆκεε,
554 682 732 735 πολλὰ
771 683 828 735 δὲ
855 683 937 736 καὶ
963 686 1054 751 τῆς
1084 680 1295 754 ἠπείρου
1331 683 1511 737 ἄστεα·
1556 685 1610 737 ἐν
1636 685 1692 738 δὲ

100 760 168 827 δὴ
211 762 292 814 καὶ
333 759 610 825 Λεσβίους,
651 763 968 832 πανστρατιῇ
1007 761 1320 827 βοηθέοντας
1358 762 1689 829 Μιλησίοισι,

99 840 357 907 ναυμαχίῃ
396 835 652 910 κρατήσας
679 834 810 899 εἷλε,
841 835 892 892 οἳ
921 841 1013 907 τὴν
1038 842 1240 910 τάφρον
1276 840 1395 911 περὶ
1426 842 1485 893 τὸ
1521 843 1692 910 τεῖχος

101 918 166 969 τὸ
210 917 265 969 ἐν
311 918 460 990 Σάμῳ
507 920 683 970 πᾶσαν
723 917 976 985 δεδεμένοι
1018 916 1231 988 ὤρυξαν.
1454 918 1553 972 Καί
1592 939 1691 975 κως
1703 923 1783 975 40

98 996 195 1047 τὸν
209 992 439 1062 Ἀμασιν
465 994 718 1063 εὐτυχέων
742 997 980 1065 μεγάλως
1001 999 1030 1049 ὁ
1049 997 1384 1067 Πολυκράτης
1410 997 1501 1050 οὐκ
1529 998 1689 1050 ἐλάν-

101 1072 245 1133 θανε,
273 1074 414 1127 ἀλλά
439 1074 490 1126 οἱ
517 1071 652 1125 τοῦτ’
679 1070 741 1139 ἦν
773 1074 1027 1143 ἐπιμελές.
1070 1076 1255 1147 πολλῷ
1282 1076 1337 1129 δὲ
1373 1077 1447 1128 ἔτι
1472 1077 1728 1131 πλεῦνός2

101 1152 156 1203 οἶ
205 1151 439 1220 εὐτυχίης
479 1151 758 1223 γινομένης,
801 1152 1012 1223 γράψας
1055 1153 1106 1208 ε’ς
1142 1154 1359 1218 βιβλίον
1393 1155 1532 1214 τάδε,
1572 1154 1687 1208 ἔπε’-

104 1232 286 1282 στειλε
328 1230 380 1286 ἐς
433 1232 617 1297 Σάμον·
683 1227 957 1298 “”Αμασις
1000 1232 1321 1301 Πολυκράτει
1375 1231 1473 1285 ὧδε
1523 1231 1687 1302 λέγει.

99 1306 240 1361 Ἠδὺ
265 1308 358 1375 μὲν
382 1306 730 1361 πυνθάνεσθαι
756 1307 914 1379 ἄνδρα
938 1310 1103 1378 φίλον
1130 1310 1212 1362 καὶ
1239 1310 1407 1376 ξεῖνον
1434 1308 1490 1362 εὖ
1516 1309 1685 1379 πρήσ-
1702 1318 1727 1359 3

105 1398 288 1439 σοντα·
333 1386 446 1454 ἐμοὶ
473 1386 528 1439 δὲ
555 1387 608 1438 αἱ
649 1386 739 1439 σαὶ
763 1388 984 1455 μεγάλαι
1012 1386 1241 1455 εὐτυχίαι
1268 1387 1359 1439 οὐκ
1386 1386 1687 1457 ἀρέσκουσι,

101 1466 166 1517 τὸ
200 1463 337 1516 θεῖον
376 1463 694 1535 ἐπισταμένῳ
731 1464 799 1518 ὡς
829 1465 946 1516 ἔστι
984 1462 1255 1534 φθονερόν.
1300 1464 1384 1517 καί
1423 1484 1521 1517 κως
1558 1460 1686 1527 βοῦ-
1702 1470 1729 1511 4

99 1536 282 1609 λομαι,
313 1544 393 1595 καὶ
419 1542 586 1603 αὐτὸς,
617 1542 698 1594 καὶ
737 1547 838 1594 τῶν
864 1541 925 1594 ἂν
963 1540 1207 1609 κήδωμαι,
1236 1542 1295 1594 τὸ
1326 1542 1420 1609 μέν
1454 1562 1504 1594 τι
1542 1541 1688 1593 εὐτυ-

101 1620 246 1689 χέειν
295 1624 397 1673 τῶν
441 1622 766 1691 πρηγμάτων,
815 1620 876 1671 τὸ
929 1620 985 1672 δὲ
1030 1619 1387 1690 προπταίειν·
1430 1620 1513 1671 καὶ
1556 1616 1689 1673 οὕτω

103 1697 370 1769 διαφέρειν
404 1700 494 1751 τὸν
524 1698 678 1753 αἰῶνα
713 1697 939 1763 ἐναλλὰξ
973 1695 1305 1767 πρήσσων,’ἢ
1335 1697 1592 1766 εὐτυχέειν
1626 1698 1690 1751 τὰ

102 1777 290 1830 πάντα.
346 1776 526 1829 οὐδένα
563 1772 670 1847 ’γάρ
715 1797 786 1829 κω
825 1778 968 1849 λόγῳ
1010 1771 1124 1829 οἶδα
1163 1773 1405 1837 ἀκούσας,
1448 1775 1595 1831 ὅστις
1636 1776 1687 1830 ε’ς
1710 1794 1735 1835 5

104 1853 259 1908 τέλος
304 1854 384 1919 οὐ,
418 1860 579 1909 κακῶς
632 1852 936 1921 ἐτελεύτησε
981 1856 1273 1926 πρόρριζος,
1320 1854 1573 1924 εὐτυχέων
1624 1854 1688 1907 τὰ

102 1933 288 1987 πάντα.
333 1932 402 1985 Σὺ
438 1932 508 1986 ὧν
553 1936 640 1986 νῦν
674 1932 789 2001 ε’μοὶ
825 1932 1141 2001 πειθόμενος,
1172 1933 1395 2000 ποίησον
1432 1934 1561 2004 πρὸς
1600 1933 1689 1988 τὰς
1710 1950 1736 1991 6

105 2010 345 2079 εὐτυχίας
375 2012 563 2064 τοιάδε·
609 2011 896 2081 φροντίσας
930 2013 990 2064 τὸ
1032 2012 1093 2065 ἂν
1134 2009 1281 2083 εὕρῃς
1309 2010 1393 2065 ε’όν
1428 2033 1507 2064 τοι
1538 2010 1687 2065 πλεί-

107 2110 240 2142 στου
277 2088 440 2154 ἄξιον,
469 2090 550 2143 καὶ
590 2088 670 2143 ἐπ’
698 2085 740 2161 ᾦ
767 2089 836 2142 σὺ
871 2088 1175 2161 ἀπολομένῳ
1206 2091 1437 2157 μάλιστα
1461 2089 1553 2156 τὴν
1578 2088 1688 2158 ψυ-

104 2167 207 2237 χὴν
232 2166 496 2238 ἀλγήσεις,
526 2171 677 2222 τοῦτο
705 2168 942 2233 ἀπόβαλε
969 2165 1121 2231 οὕτω,
1153 2168 1281 2221 ὅκως
1306 2167 1481 2235 μηκέτι
1506 2166 1617 2233 ἥξει
1639 2166 1691 2219 ἐς

105 2244 422 2317 ἀνθρώπους.
465 2248 527 2314 ἥν
575 2268 632 2299 τε
672 2246 740 2315 μὴ
783 2245 1012 2311 ἐναλλὰξ
1054 2246 1147 2313 ἤδη
1188 2246 1248 2297 τὸ
1284 2244 1384 2298 ἀπὸ
1420 2242 1603 2297 τούτου
1638 2244 1690 2295 αἱ
1711 2250 1735 2294 7

108 2323 338 2392 εὐτυχίαι
365 2345 444 2376 τοι
471 2328 612 2377 ταῖσι
647 2325 864 2378 πάθαισι
899 2323 1291 2395 προσπίπτωσι,
1320 2324 1495 2393 τρόπῳ
1532 2324 1602 2393 τῷ
1630 2319 1691 2386 ἐξ

107 2403 230 2469 ε’μεῦ
273 2402 581 2475 ὑποκειμένῳ
625 2398 802 2456 άκέο.”
1032 2404 1200 2453 Ταῦτα
1245 2399 1608 2467 ἐπιλεξάμενος
1660 2401 1689 2451 ὅ
1713 2392 1785 2447 41

108 2482 461 2550 Πολυκράτης,
491 2483 573 2534 καὶ
600 2484 698 2552 νόῳ
714 2482 893 2545 λαβὼν
920 2480 988 2535 ὥς
1014 2480 1063 2532 οἱ
1081 2476 1137 2531 εὐ
1164 2477 1429 2531 ὑπετίθετο
1444 2475 1688 2545 Ἀμασις,

111 2558 308 2625 ἐδίζητο
342 2558 420 2613 ἔπ’
459 2554 502 2632 ᾧ
528 2559 590 2637 ἂν
617 2560 848 2633 μάλιστα
889 2558 982 2625 τὴν
1016 2556 1198 2627 ψυχὴν
1243 2554 1457 2625 ἀσηθείη
1492 2556 1689 2609 ἀπολο-
