1975 2892
610 125 988 172 KAEln.—1.
1026 125 1256 187 186-189.
1617 124 1728 177 103

129 188 193 226 01.
218 185 285 225 σο.
309 182 369 229 3.]

125 240 385 311 περιῆλθε
425 240 456 310 ἦ
508 240 777 310 βασιληΐή.
863 244 1062 316 Δαρείῳ
1108 244 1165 297 δὲ
1211 244 1293 297 καὶ
1339 245 1504 299 δεινὸν
1546 242 1715 299 ἐδόκεε
1731 265 1758 307 4

124 316 261 372 εἶναι
288 325 409 387 τῇσι
435 318 635 387 πύλῃσι
661 319 875 388 ταύτῃσι
901 323 1058 389 μηδὲν
1091 322 1355 390 χρέεσθαι·
1401 324 1482 376 καὶ
1515 326 1713 394 χρημά-

124 419 235 450 των
264 396 518 465 κειμένων,
548 400 630 451 καὶ
664 399 829 452 αὐτῶν
854 406 954 452 τῶν
988 401 1262 470 χρημάτων
1293 399 1712 469 ἐπικαλεομένων,

122 476 195 543 μὴ
247 476 311 527 οὗ
363 478 546 540 λαβεῖν
590 477 735 529 αὐτά.
791 483 913 545 τῇσι
960 478 1017 529 δὲ
1062 474 1262 544 πύλῃσι
1307 477 1524 545 ταύτῃσι
1569 480 1756 539 οὐδένα

123 553 343 623 ἐχρᾶτο,
384 555 535 607 τοῦδε
574 552 752 616 εἵνεκα,
796 555 875 608 ὅτι
916 555 1045 625 ὑπὲρ
1087 557 1318 624 κεφαλῆς
1355 557 1405 608 οἱ
1452 556 1644 627 ἐγίνετο
1685 560 1716 609 ὁ

124 634 309 701 νεκρὸς
344 630 735 699 διεξελαύνοντι.
781 633 986 699 ἀνοίξας
1023 634 1079 687 δὲ
1115 635 1205 687 τὸν
1229 635 1416 704 τάφον,
1446 633 1560 704 εὗρε
1584 632 1712 704 χρὴ·
1729 655 1756 695 ο

120 732 266 778 ματα
290 711 385 779 μὲν
411 710 489 772 οὒ,
511 712 601 764 τὸν
626 712 682 765 δὲ
710 714 901 783 νεκρὸν,
925 713 1008 765 καὶ
1032 713 1302 782 γράμματα
1328 711 1548 782 λέγοντα
1573 713 1712 766 τάδε·

122 796 197 841 EI
256 796 367 841 MH
430 797 788 843 ΑΠΛΗΣΤΟΣ
845 799 928 843 ΤΕ
987 797 1116 843 EAS
1169 798 1545 843 ΧΡΗΜΑΤΩΝ
1599 799 1714 845 ΚΑΙ

125 874 657 930 ΑΙΣΧΡΟΚΕΡΔΗΣ,
690 876 821 921 ΟΥΚ
848 876 940 921 AN
968 875 1242 921 ΝΕΚΡΩΝ
1280 876 1510 922 θΗΚΑΣ
1546 877 1710 923 ΑΝΕ-

122 953 341 997 ΩιΓΕΣ.
406 942 544 1013 Αὕτη
574 946 667 1015 μέν
692 968 781 1001 νυν
811 945 841 1014 ἦ
875 946 1126 1011 βασίλεια
1155 944 1360 1015 τοιαύτη
1395 968 1473 1002 τις
1505 948 1714 1019 λέγεται

118 1022 390 1094 γενέσθω.

208 1097 275 1151 ‘O
312 1098 369 1151 δὲ
404 1099 464 1167 δὴ
502 1104 667 1172 Κῦρος
703 1101 786 1155 ε’πὶ
820 1100 1004 1170 ταύτης
1037 1104 1128 1169 τῆς
1161 1100 1394 1173 γυναικὸς
1428 1101 1518 1154 τὸν
1546 1102 1702 1156 παῖδα
1731 1106 1842 1161 188

126 1174 484 1246 ἐστρατεύετο,
530 1180 712 1247 ἔχοντά
756 1201 814 1232 τε
858 1183 950 1233 τοῦ
990 1181 1185 1251 πατρὸς
1221 1182 1313 1231 τοῦ
1353 1180 1542 1233 ε’ωυτοῦ
1581 1184 1697 1232 τοῦ-

126 1275 265 1322 νομα
300 1254 597 1323 Λαβυνήτου
634 1258 715 1310 καὶ
749 1258 841 1326 τὴν
865 1257 1162 1329 Ἀσσυρίων
1195 1255 1372 1329 ἀρχήν.
1454 1255 1698 1328 Στρατεύ-
1726 1278 1751 1318 2

124 1352 243 1383 εται
283 1333 339 1386 δὲ
378 1332 439 1401 δὴ
480 1335 734 1397 βασιλεὺς
774 1338 802 1388 ὁ
844 1336 1004 1407 μέγας
1046 1337 1128 1391 καὶ
1171 1336 1388 1391 σιτίοισι
1431 1333 1488 1388 εὖ
1524 1336 1701 1389 ε’σκευ-

120 1411 403 1480 ασμένοισι
429 1411 487 1477 ἐξ
513 1409 673 1474 οἴκου,
697 1412 778 1465 καὶ
796 1414 1131 1483 προβάτοισι·
1168 1413 1250 1465 καὶ
1270 1412 1330 1479 δὴ
1349 1413 1431 1464 καὶ
1450 1407 1587 1480 ὕδωρ
1607 1410 1709 1465 ἀπὸ

120 1494 221 1543 τοῦ
275 1490 527 1543 Χοάσπεω
579 1494 809 1559 ποταμοῦ
856 1492 959 1559 ἅμα
999 1489 1176 1559 ἄγεται
1215 1493 1307 1542 τοῦ
1345 1489 1484 1559 παρὰ
1537 1490 1710 1541 Σοῦσα

118 1567 351 1640 ῥέοντος,
379 1571 471 1621 τοῦ
505 1565 692 1634 μούνου
726 1569 859 1623 πίνει
884 1567 1156 1632 βασιλεὺς,
1187 1568 1268 1619 καὶ
1303 1566 1473 1619 ἄλλου
1503 1565 1710 1621 οὐδενὸς

118 1650 378 1715 ποταμοῦ.
408 1644 591 1699 τούτου
606 1648 662 1701 δὲ
679 1650 770 1699 τοῦ
788 1647 1045 1699 Χοάσπεω
1061 1648 1154 1698 τοῦ
1174 1642 1357 1699 ὕδατος
1376 1637 1710 1713 ἀπεψημένου
1726 1667 1751 1708 ⁸

118 1725 323 1778 πολλαὶ
351 1725 509 1794 κάρτα
538 1724 725 1793 ἅμαξαι
761 1725 1093 1796 τετράκυκλοι
1127 1722 1372 1792 ἡμιόνειαι
1408 1721 1708 1789 κομίζουσαι

121 1804 183 1857 ἐν
208 1804 463 1875 ἀγγείοισι
500 1803 815 1874 ἀργυρέοισι,
846 1803 1051 1857 ἕπονται
1087 1800 1185 1869 ὅπη
1213 1801 1275 1855 ἂν
1311 1799 1565 1868 ἐλαύνῃσι
1591 1800 1704 1853 “xd-

122 1903 301 1935 στοτε.
540 1881 688 1935 Ἐπεί
717 1904 772 1935 τε
800 1882 855 1935 δὲ
884 1883 911 1931 ὁ
951 1884 1116 1951 Κῦρος
1140 1881 1478 1951 πορευόμενος
1506 1879 1589 1933 ἐπὶ
1615 1877 1708 1946 τὴν
1733 1878 1842 1933 189

122 1962 410 2025 Βαβυλῶνα
435 1960 631 2031 ἐγίνετο
658 1959 745 2013 ε’πὶ
771 1956 931 2027 Γύνδῃ
966 1963 1196 2032 ποταμῷ,
1226 1961 1318 2012 τοῦ
1345 1960 1397 2011 αἱ
1431 1959 1524 2027 μὲν
1548 1960 1707 2026 πηγαὶ

121 2038 183 2092 ἓν
210 2042 515 2105 Ματιηνοῖσι
542 2041 738 2109 οὔρεσι,
766 2036 868 2108 ῥέει
898 2039 951 2091 δὲ
980 2038 1064 2091 διὰ
1091 2037 1406 2106 Δαρδανέων,
1437 2037 1625 2090 ε’κδιδοῖ
1649 2037 1706 2089 δὲ

121 2116 179 2171 ἔς
207 2116 378 2187 ἕτερον
402 2118 632 2184 ποταμὸν
657 2115 849 2187 Τίγριν·
894 2118 923 2167 ὁ
960 2116 1016 2168 δὲ
1041 2117 1178 2186 παρὰ
1194 2111 1353 2167 Ὦπιν
1386 2117 1542 2168 πόλιν
1575 2112 1708 2182 ῥέων

120 2196 177 2250 ἐς
197 2195 287 2261 τὴν
304 2193 553 2266 Ἐρυθρὴν
574 2194 847 2247 θάλασσαν
868 2193 1070 2246 ἐκδιδοῖ·
1115 2196 1295 2244 τοῦτον
1315 2191 1375 2259 δὴ
1403 2193 1492 2244 τὸν
1518 2188 1708 2255 Γύνδην

119 2274 353 2340 ποταμὸν
392 2274 459 2327 ὧς
500 2272 775 2337 διαβαίνειν
814 2272 1050 2341 ἐπειρᾶτο
1085 2272 1114 2323 ὁ
1155 2273 1339 2339 Κῦρος,
1379 2269 1522 2321 ἐόντα
1558 2268 1708 2334 νηυσὶ

119 2352 359 2421 περητὸν,
383 2350 597 2404 ἐνθαῦτά
615 2353 666 2403 οἱ
690 2356 791 2403 τῶν
816 2370 893 2403 τις
922 2350 1042 2419 ἱρῶν
1067 2346 1234 2401 ἵππων
1261 2351 1362 2399 τῶν
1386 2348 1582 2398 λευκῶν
1608 2346 1706 2398 ὑπὸ

120 2427 304 2498 ὕβριος
333 2429 493 2492 ἐσβὰς
520 2428 575 2483 ἐς
601 2429 690 2481 τὸν
714 2428 961 2494 ποταμὸν,
986 2424 1265 2489 διαβαίνειν
1290 2422 1548 2493 ε’πειρᾶτο.
1593 2426 1622 2476 ὁ
1651 2422 1708 2476 δέ

123 2526 214 2576 μιν
242 2503 548 2575 συμψήσας,
572 2504 892 2576 ὑποβρύχιον
918 2504 1130 2573 οἰχώκεε
1156 2500 1349 2572 φέρων.
1393 2501 1550 2571 κάρτα
1568 2522 1626 2553 τε
1646 2502 1705 2567 δὴ
1725 2512 1750 2551 2

126 2585 432 2654 ἐχαλέπαινε
458 2588 529 2657 τῷ
565 2588 776 2656 ποταμῷ
802 2586 831 2636 ὁ
859 2586 1027 2652 Κῦρος
1051 2585 1203 2634 τοῦτο
1231 2579 1522 2651 ὑβρίσαντι,
1552 2579 1633 2631 καὶ
1659 2580 1708 2631 οἱ
