1975 2892
550 117 1084 166 EYTEPIIH.—11.
1118 128 1288 181 53-59.
1598 112 1706 166 151

112 227 235 297 ἱρὰς
259 229 513 296 γυναῖκας,
544 227 626 279 καὶ
651 227 743 294 τὴν
776 249 869 295 μεν
903 227 1096 281 αὐτέων
1131 228 1184 283 ἐς
1211 226 1421 295 Λιβύην,
1452 228 1543 296 τὴν
1569 229 1683 283 δὲ’
1655 253 1706 286 ες

108 305 213 371 τὴν
237 305 469 357 Ελλάδα
493 305 760 366 ἀπέδοντο,
791 305 951 358 δοκέει
990 305 1162 372 ἐμοὶε
1137 328 1167 374 η
1193 307 1320 378 γυνὴ
1347 303 1472 374 αὕτη
1500 309 1589 375 τῆς
1617 312 1706 362 νῦν

106 381 393 442 Ἑλλάδος,
419 385 669 453 πρότερον
696 383 751 436 δὲ
779 384 1080 454 Πελασγίης
1105 385 1410 451 καλευμένης
1435 387 1525 452 τῆς
1549 386 1704 454 αὐτῆς

109 459 323 527 ταύτης,
364 460 613 531 πρηθῆναι
653 461 707 516 ἐς
747 459 1109 532 Θεσπρωτούς·
1167 462 1342 514 ἔπειτα
1382 461 1702 518 δουλεύουσα

108 538 315 598 αὐτόθι,
364 535 674 609 ιδρύσασθαι
726 539 827 592 ὑπὸ
880 540 1037 611 φηγῷ
1085 533 1344 608 πεφυκυίῃ
1393 542 1516 595 Διὸς
1569 541 1698 610 ιρόν·

112 618 299 687 ὥσπερ
324 614 387 682 ἦν
420 616 576 677 οἰκὸς,
606 615 1072 686 ἀμφιπολεύουσαν
1107 618 1161 670 ἐν
1188 615 1397 685 Θήβῃσι
1426 619 1534 688 ἱρὸν
1561 621 1700 680 Διὸς.

108 693 239 748 ἔνθα
265 695 490 755 ἀπίκετο,
522 694 735 748 ἐνθαῦτα
769 693 965 764 μνήμην
1001 695 1158 748 αὐτοῦ
1193 697 1349 764 ἔχειν.
1407 696 1462 748 ἐκ
1497 697 1556 749 δὲ
1581 695 1698 750 τού·
1724 717 1748 756 2

108 793 229 833 του,
276 770 594 843 χρηστήριον
640 771 985 844 κατηγήσατο,
1034 773 1148 827 ἐπεί
1196 795 1254 826 τε
1300 773 1566 840 συνέλαβε
1610 775 1702 844 τὴν

106 851 347 905 Ἐλλάδα
391 853 667 922 γλῶσσαν.
724 853 885 921 φάναι
930 852 989 905 δέ
1033 853 1084 905 οἱ
1127 851 1388 922 ἀδελφεὴν
1434 852 1488 906 ἐν
1533 852 1696 922 Λιβύῃ
1720 872 1746 912 8

106 929 411 1000 πεπρῆσθαι
446 929 547 983 ὑπὸ
582 934 685 982 τῶν
718 930 883 982 αὐτῶν
918 929 1179 991 Φοινίκων,
1217 927 1302 984 ὑπ’
1339 931 1409 984 ὧν
1451 933 1532 985 καὶ
1571 933 1698 999 αὐτὴ

108 1006 330 1078 ἐπρήθη.
526 1008 805 1063 Πελειάδες
838 1008 896 1062 δέ
918 1028 1008 1076 μοι
1035 1009 1273 1062 δοκέουσι
1300 1009 1543 1076 κληθῆναι
1568 1012 1699 1081 πρὸς
1721 1014 1798 1074 57

104 1085 485 1140 Δωδωναίων’
458 1086 543 1139 επὶ
567 1086 719 1138 τοῦδε
744 1088 796 1139 αἱ
820 1107 1070 1158 γυναικες,
1102 1087 1230 1140 διότι
1257 1085 1570 1158 βάρβαροι’
1541 1101 1692 1155 ησαν·

106 1165 319 1218 ἐδόκεον
338 1163 399 1218 δε
422 1166 527 1234 σφι
554 1163 741 1231 ὁμοίως
767 1163 935 1261 ὄρνισι
957 1164 1300 1236 φθέγγεσθαι.
1337 1166 1466 1234 μετὰ
1486 1167 1541 1220 δε
1566 1169 1692 1237 χρό-
1719 1183 1745 1224 2

106 1265 203 1297 νον
228 1243 321 1310 τὴν
344 1244 591 1296 πελειάδα
616 1236 905 1340 άνθρωπηιῃ
934 1244 1084 1312 φωνῇ
1111 1242 1431 1310 αὐδάξασθαι
1454 1245 1693 1314 λέγουσι,

106 1321 227 1375 επεί
261 1341 319 1373 τε
354 1322 543 1374 συνετά
578 1322 683 1390 σφι
721 1320 899 1388 ηὔδαε
875 1343 905 1389 η
944 1320 1090 1392 γυνή·
1137 1344 1232 1377 εως
1267 1322 1324 1374 δε
1365 1323 1692 1393 ἐβαρβάριζε,

106 1398 317 1470 ὄρνιθος
342 1401 533 1470 τρόπον
552 1399 723 1452 εδόκεέ
747 1401 852 1469 σφι
872 1397 1216 1470 φθέγγεσθαι.
1259 1399 1368 1452 ἐπει
1397 1400 1494 1470 τέῳ
1521 1402 1694 1472 τρόπῳ
1715 1419 1742 1460 a

106 1478 177 1530 ἂν
202 1479 411 1533 πελειάς
434 1499 498 1547 γε
523 1472 813 1548 ἀνθρωπηίῃ
842 1478 990 1546 φωνῇ
1017 1476 1302 1546 φθέγξαιτο
1322 1495 1336 1537 ;
1369 1476 1612 1544 μέλαιναν
1639 1478 1694 1530 δὲ

103 1554 354 1625 λέγοντες
380 1551 505 1608 εἶναι
531 1555 623 1623 τὴν
648 1555 911 1614 πελειάδα,
942 1553 1252 1622 σημαίνουσι
1279 1553 1359 1606 ὅτι
1385 1554 1636 1626 Αἰγυπτίη
1663 1555 1694 1622 ἦ

102 1635 238 1705 γυνὴ
266 1631 346 1699 ἦν.
427 1633 503 1686 ‘H
544 1635 601 1687 δὲ
639 1628 850 1702 μαντηΐη
887 1631 923 1701 ἥ
954 1653 1014 1684 τε
1049 1632 1104 1684 ἐν
1139 1630 1348 1700 Θήβῃσι
1382 1637 1504 1699 τῇσι
1536 1632 1690 1702 Λῖγυ-
1714 1652 1740 1692 4

101 1710 297 1779 πτίῃσι
312 1733 391 1764 και
409 1713 465 1765 ἐν
478 1713 716 1780 Δωδώνῃ,
725 1708 1082 1781 παραπλήσιαι
1097 1709 1363 1810 ἀλλήλῃσι
1380 1711 1696 1782 τυγχάνουσι

705 1787 1051 1812 aaaaa

104 1791 312 1844 ἐοῦσαι.
370 1788 530 1844 Ἐστι
558 1792 613 1844 δε
642 1811 723 1843 και
749 1811 851 1842 των
878 1811 1000 1859 ιρων
1024 1810 1055 1856 η
1081 1790 1292 1857 μαντικὴ
1319 1788 1404 1843 ἀπ’
1433 1787 1695 1862 Δῖγύπτου

104 1868 383 1938 ἀπιγμένη.

196 1942 485 2016 Πανηγύρις
510 1944 567 1998 δε
593 1944 691 2016 ὅρα
717 1967 799 1999 και
821 1947 1030 2015 πομπὰς
1063 1947 1144 2000 καὶ
1176 1948 1522 2019 προσαγωγὰς
1547 1967 1682 2018 πρω-
1711 1948 1788 2001 58

108 2044 197 2078 τοι
233 2022 511 2093 ἀνθρώπων
537 2021 808 2094 Αἷγίηττιοί
832 2025 935 2078 εἶσι
968 2027 1018 2077 οἱ
1052 2027 1401 2094 ποιησάμενοι·
1443 2027 1524 2078 καὶ
1549 2025 1690 2088 παρὰ

103 2099 307 2155 τούτων
323 2101 577 2169 Ἕλληνες
600 2100 939 2170 μεμαθήκασι.
984 2100 1251 2172 τεκμήριον
1277 2103 1336 2155 δέ
1366 2123 1455 2169 μοι
1487 2099 1690 2162 τούτου,
1707 2113 1734 2154 2

104 2181 249 2233 τόδε·
292 2181 345 2232 αἱ
363 2179 457 2246 μὲν
480 2181 581 2250 γὰρ
608 2181 875 2249 φαίνονται
897 2180 952 2232 ἐκ
970 2182 1176 2233 πολλοῦ
1195 2200 1282 2231 τευ
1307 2181 1498 2250 χρόνου
1517 2176 1690 2232 ποιεύ-

100 2269 276 2326 μεναι·
318 2257 371 2310 αἱ
398 2258 454 2310 δὲ
479 2258 774 2326 Ἑλληνικαὶ
801 2259 987 2312 νεωστὶ
1015 2254 1343 2323 ἐποιήθησαν.
1521 2264 1690 2322 Πανη-
1707 2260 1786 2313 59

100 2334 381 2407 γυρίζουσι
420 2336 475 2389 δὲ
511 2334 781 2408 Αἰγύπτιοι
816 2336 909 2389 οὐκ
950 2333 1090 2401 ἅπαξ
1124 2337 1216 2388 τοῦ
1258 2334 1504 2395 ἐνιαυτοῦ,
1532 2356 1689 2398 πανη-

100 2412 259 2485 γύρις
284 2414 342 2466 δὲ
368 2416 581 2483 συχνάς.
624 2416 854 2482 μάλιστα
880 2414 973 2482 μὲν
994 2413 1074 2465 καὶ
1102 2411 1460 2484 προθυμότατα
1487 2413 1538 2466 ἐς
1559 2411 1687 2464 Βού-
1707 2425 1732 2463 2

98 2495 305 2554 βαστιν
326 2492 499 2554 πόλιν,
528 2493 593 2561 τῆ
615 2492 893 2563 Ἀρτέμιδι.
938 2489 1148 2561 δεύτερα
1175 2491 1226 2546 ἐς
1253 2486 1494 2560 Βούσιριν
1519 2493 1689 2550 πόλιν,
1705 2502 1730 2541 8

102 2567 323 2640 τῇἼσι·
364 2569 421 2624 ἐν
445 2569 601 2638 ταύτῃ
642 2571 743 2642 γὰρ
770 2570 832 2637 δὴ
859 2573 920 2638 τῇ
952 2571 1080 2623 πόλι
1117 2569 1232 2622 ἐστὶ
1266 2568 1512 2638 μέγιστον
1524 2563 1696 2624 Ἴσιος
