1975 2892
464 136 1006 185 EYTEPIIH.—11.
1045 144 1278 197 107-111.
1559 125 1670 187 175

86 209 146 247 Α.
164 206 209 246 C.
228 215 264 245 e.
285 203 383 243 1200
397 201 434 251 P]

83 259 262 312 ἐλθὼν
298 258 360 310 ἂν
396 258 526 328 πρὸς
564 259 717 312 αὐτὸν
760 257 1001 326 ἐσήμαινε
1035 260 1095 312 τὸ
1136 259 1486 329 γεγενημένον·
1544 261 1573 313 ὁ
1621 259 1676 314 δὲ

81 339 289 405 ἔπεμπε
324 335 444 392 τοὺς
485 336 926 407 ἐπισκεψομένους
964 337 1048 390 καὶ
1087 336 1524 407 ἀναμετρήσοντας
1564 338 1677 411 ὅσῳ

82 415 343 468 ἐλάσσων
368 417 397 467 ὁ
422 420 592 487 χῶρος
616 415 814 486 γέγονε,
844 415 974 471 ὅκως
1005 418 1098 468 τοῦ
1134 417 1324 467 λοιποῦ
1361 418 1486 470 κατὰ
1515 418 1678 488 λόγον

82 496 183 562 τῆς
206 493 512 563 τεταγμένης
538 494 808 564 ἀποφορῆς
832 492 1024 546 τελέοι.
1067 493 1230 546 δοκέει
1251 493 1310 545 δέ
1333 515 1420 561 μοι
1447 494 1676 548 ἐνθεῦτεν
1694 511 1719 552 8

81 571 373 642 γεωμετρίη
401 572 685 644 εὑρεθεῖσα,
710 572 761 626 ἐς
787 572 879 639 τὴν
902 570 1136 626 Ἐλλάδα
1155 571 1468 625 ἐπανελθεῖν.
1511 575 1677 626 πόλον

83 650 187 718 μὲν
208 650 329 719 γὰρ,
354 652 434 703 καὶ
461 652 714 721 γνώμονα,
738 650 821 702 καὶ
845 650 911 702 τὰ
938 651 1162 703 δυώδεκα
1187 648 1344 720 μέρεα
1361 652 1451 719 τῆς
1471 649 1674 721 ἧμέρης,

88 729 233 799 παρὰ
260 729 601 790 Βαβυλωνίων
626 727 815 797 ἔμαθον
839 729 889 780 οἶ
906 726 1180 795 Ἕλληνες.
1424 729 1677 785 Βασιλεὺς
1702 731 1813 783 110

84 807 185 875 μὲν
210 805 273 874 δὴ
301 803 449 861 οὗτος
473 810 659 875 μοῦνος
685 804 961 877 Αἰγύπτιος
987 806 1252 875 Αἰθιοπίης
1277 805 1420 879 ἦρξε.
1465 811 1674 877 Μνημό-

88 907 227 938 συνα
252 884 309 937 δὲ
335 883 545 937 ε’λίπετο
578 886 680 956 πρὸ
706 888 799 938 τοῦ
822 885 1187 955 Ἡφαιστείου,
1217 885 1511 958 ἀνδριάντας
1535 887 1673 941 λιθί-

85 975 228 1018 νους·
275 959 367 1015 δῦο
419 963 528 1031 μὲν,
570 961 839 1034 τριήκοντα
875 964 1100 1032 πηχέων,
1143 965 1329 1018 ἑωυτόν
1366 989 1423 1019 τε
1463 967 1546 1019 καὶ
1585 967 1676 1035 τὴν

82 1044 320 1114 γυναῖκα·
366 1041 484 1096 τοὺς
504 1041 560 1095 δὲ
584 1042 769 1096 παῖδας
788 1042 961 1097 ἐόντας
987 1041 1258 1112 τέσσερας,
1282 1041 1444 1097 ε’ίκοσι
1470 1045 1676 1114 πηχέων

84 1121 331 1174 ἕκαστον.
374 1125 476 1173 τῶν
496 1120 557 1189 δὴ
578 1123 607 1173 ὁ
630 1119 763 1190 ἱρεὺς
782 1123 875 1172 τοῦ
896 1119 1202 1190 Ἡφαίστου
1219 1124 1388 1194 χρόνῳ
1407 1123 1674 1192 μετέπειτα
1696 1133 1720 1171 ²

83 1199 279 1271 πολλῷ
307 1200 525 1268 Δαρεῖον
549 1201 638 1252 τὸν
664 1200 875 1270 Πέρσην
900 1199 960 1251 οὔ
987 1199 1208 1269 περιεῖδε
1237 1201 1449 1254 ἱστάντα
1483 1203 1671 1272 ἔμπρο-

88 1276 222 1330 σθεν
257 1277 543 1347 ἀνδριάντα,
574 1277 680 1347 φὰς
719 1282 754 1303 “
774 1280 835 1330 οὕ
870 1278 919 1329 οἶ
953 1277 1264 1345 πεποιῆσθαι
1300 1280 1427 1350 ἔργα
1460 1275 1544 1332 οἶά
1579 1301 1675 1350 περ

86 1357 363 1425 Σεσώστρι
396 1357 470 1428 τῷ
498 1354 780 1428 Αἰγυπτίῳ.
863 1354 1161 1426 Σέσωστριν
1190 1356 1284 1423 μὲν
1316 1359 1416 1428 γὰρ
1447 1357 1587 1409 ἄλλα
1619 1378 1678 1410 τε

86 1432 562 1504 καταστρέψασθαι
598 1433 742 1487 ἔθνεα
769 1433 859 1487 οὐκ
896 1434 1118 1486 ἐλάα-σω
1145 1433 1352 1494 ἐκείνου,
1382 1435 1464 1487 καὶ
1499 1434 1560 1501 δὴ
1598 1436 1677 1486 καὶ

88 1509 307 1566 Σκύθας·
354 1515 569 1581 Δαρεῖον
596 1513 650 1565 δὲ
672 1513 731 1565 οὗ
760 1512 1069 1579 δυνασθῆναι
1097 1509 1289 1566 Σκύθας
1317 1513 1471 1565 ἑλεῖν.
1515 1515 1677 1565 οὔκων
1697 1521 1719 1561 8

88 1589 291 1644 δίκαιον
317 1584 441 1642 εἶναι
463 1591 663 1642 ἱστάναι
691 1590 953 1660 ἔμπροσθε
980 1595 1081 1642 τῶν
1109 1589 1302 1641 ἐκείνου
1328 1589 1674 1659 ἀναθημάτων,

86 1668 161 1738 μὴ
204 1667 299 1720 οῦκ
330 1668 784 1738 ὑπερβαλλόμενον
819 1670 960 1720 τοῖσι
997 1663 1254 1739 ἕργοισι.”
1337 1672 1553 1741 Δαρεῖον
1585 1667 1680 1736 μέν

88 1768 183 1802 νυν
206 1745 428 1817 λέγουσι
453 1748 582 1817 πρὸς
606 1749 765 1799 ταῦτα
792 1748 1098 1818 συγγνώμην
1122 1742 1460 1813 ποιῆσασθαι.

193 1826 519 1896 Σεσώστριος
561 1825 617 1878 δὲ
663 1823 1075 1892 τελευτῆσαντος,
1125 1821 1425 1889 ἐκδέξασθαι
1479 1820 1667 1888 ἔλεγον
1705 1815 1810 1870 111

89 1902 185 1970 τὴν
219 1899 501 1969 βασιληίην
534 1905 624 1958 τὸν
657 1905 813 1957 παῖδα
848 1904 1002 1957 αὐτοῦ
1039 1907 1228 1967 Φερῶν·
1284 1902 1374 1955 τὸν
1413 1899 1663 1968 ἀποδέξα-

94 1978 221 2031 σθαι
241 1977 334 2045 μὲν
354 1977 591 2044 οὐδεμίαν
611 1970 904 2046 στρατηίην,
930 1975 1308 2044 συνενειχθῆναι
1329 1973 1388 2027 δέ
1406 1977 1454 2029 οἱ
1474 1976 1680 2043 τυφλὸν

90 2055 358 2127 γενέσθαι,
380 2054 463 2108 διὰ
482 2055 678 2107 τοιόνδε
703 2055 929 2124 πρῆγμα.
973 2057 1066 2106 τοῦ
1093 2056 1324 2121 ποταμοῦ
1344 2053 1680 2107 κατελθόντος

90 2134 319 2205 μέγιστα
345 2132 405 2200 δὴ
432 2135 550 2186 τότε
585 2131 663 2186 ἐπ’
691 2131 1027 2185 ὀκτωκαίδεκα
1051 2129 1262 2200 πήχεας,
1293 2131 1360 2185 ὧς
1390 2131 1679 2202 ὑπερέβαλε

92 2214 187 2266 τὰς
212 2209 451 2282 ἀροῦρας,
472 2208 754 2278 πνεύματος
781 2210 1110 2277 ἐμπεσόντος,
1135 2207 1373 2276 κυματίης
1399 2212 1427 2261 ὁ
1453 2208 1680 2274 ποταμὸς

92 2290 317 2362 ἐγένετο·
374 2290 465 2342 τὸν
509 2289 565 2342 δὲ
616 2287 843 2352 βασιλέα
892 2286 1112 2356 λέγουσι
1157 2289 1340 2338 τοῦτον
1389 2284 1679 2351 ἀτασθαλίῃ

91 2369 439 2439 χρησάμενον.
473 2369 705 2432 λαβόντα
723 2363 927 2434 αἰχμὴν,
949 2364 1160 2428 βαλέειν
1181 2364 1232 2419 ἐς
1250 2363 1415 2431 μέσας
1433 2365 1523 2418 τὰς
1543 2362 1682 2418 δίνας

94 2451 189 2500 τοῦ
240 2447 493 2513 ποταμοῦ·
557 2445 685 2512 μετὰ
736 2445 811 2510 δὲ,
854 2443 1034 2496 αὐτίκα
1086 2445 1307 2511 καμόντα
1357 2441 1510 2494 αὐτὸν
1561 2440 1681 2496 τοὺς

15 2583 16 2586 ¹
95 2522 421 2594 ὀφθαλμοὺς,
464 2521 815 2592 τυφλωθῆναι.
870 2521 993 2574 δέκα
1030 2522 1124 2589 μὲν
1163 2520 1224 2588 δὴ
1265 2521 1379 2572 ἔτεα
1418 2513 1546 2573 εἷναί
1594 2539 1681 2586 μιν

17 2651 19 2654 ,
96 2604 319 2674 τυφλόν·
376 2602 622 2674 ἑνδεκάτῳ
676 2601 732 2654 δὲ
774 2601 879 2653 ἕτεῖ
918 2599 1193 2653 ἀπικέσθαι
1238 2599 1287 2651 01
1340 2596 1580 2666 μαντήῖον
1625 2597 1682 2649 ἐκ
