1975 2892
141 162 213 202 m-
235 163 301 204 ω.
323 165 380 212 &1
459 103 1156 152 MEAHOMENH.—-1v.
1194 101 1424 166 156-160.
1627 97 1744 156 379

142 215 247 264 τοῦ
289 213 601 281 Εὐδαίμονος
640 215 965 283 καλεομένου,
1003 213 1265 282 Ἕλληνας
1303 216 1495 270 πάντας
1535 215 1741 284 ὥρμησε

143 288 405 359 χρήσασα
451 290 480 359 ἦ
530 292 696 360 Πυθίη
740 295 916 346 πλέειν
963 292 1367 360 συνοικήσοντας
1413 294 1740 364 Κυρηναίοισι

148 364 372 434 Λιβύην·
417 367 750 424 ἐπεκαλέοντο
794 372 896 442 γὰρ
950 373 1000 424 οἶ
1055 375 1325 443 Κυρηναῖοι
1368 369 1451 426 ε’πὶ
1488 374 1584 443 γῆς
1619 373 1741 425 ἀνα-

147 446 361 519 δασμῷ.
406 449 597 518 ἔχρησε
623 450 680 502 δὲ
708 449 861 502 ὧδε*
831 460 1036 518 έχοντα·
1766 461 1791 501 8

256 533 351 583 ‘Os
373 535 426 582 δέ
447 554 530 583 κεν
554 539 601 583 ἐς
622 535 802 593 Λιβύην
824 535 1125 598 πολυήρατον
1148 535 1349 598 ὕστερον
1371 536 1486 598 ἔλθῃ

264 599 358 647 Γᾶς
381 597 726 658 ἀναδαιομένας,
749 597 874 658 μετά
897 600 946 647 οἵ
964 597 1089 647 ποκά
1112 609 1231 658 φαμι
1250 599 1493 657 μελήσειν

154 679 547 748 Συλλεχθέντος
572 680 628 732 δε
656 679 841 747 ὁμίλου
875 681 1082 733 πολλοῦ
1118 681 1170 736 ἐς
1206 680 1297 748 τὴν
1324 678 1570 750 Κυρήνην,
1598 699 1745 744 περι-
1766 695 1792 736 4

155 760 462 825 ταμνόμενοι
487 759 584 829 γῆν
608 757 812 826 πολλὴν
838 759 887 811 οἶ
913 759 1162 829 περίοικοι
1190 759 1379 822 Λίβυες
1414 759 1496 811 καὶ
1530 761 1559 811 ό
1582 761 1746 822 βασι-

154 835 284 890 λεὺς
318 835 499 896 αὐτῶν,
528 836 600 908 τῷ
639 839 830 903 οὕνομα
865 833 927 901 ἦν
955 835 1213 907 Ἀδικρὰν,
1242 831 1322 890 οἷα
1359 838 1449 903 τῆς
1483 858 1539 888 τε
1573 837 1749 906 χώρης

159 915 571 982 στερισκόμενοι,
601 915 684 966 καὶ
708 915 1149 983 περιῦβριζόμενοι
1178 915 1276 968 ὑπὸ
1304 920 1404 966 τῶν
1432 914 1740 984 Κυρηναίων,

159 991 461 1060 πέμψαντες
497 991 548 1046 ἐς
575 988 846 1062 ,Αἴγυπτον
885 993 1073 1045 ἔδοσαν
1115 992 1285 1060 σφέας
1322 991 1504 1047 αὐτοὺς
1538 991 1745 1061 Ἀπρίῃ,

160 1069 236 1141 τῷ
274 1066 532 1138 Αἶγύπτου
567 1069 805 1132 βασιλέϊ.
862 1072 892 1122 ὁ
931 1070 1007 1131 δὲ,
1038 1070 1299 1136 συλλέξας
1339 1071 1561 1140 στρατὸν
1587 1069 1743 1139 Αἷγυ-
1772 1081 1797 1121 6

162 1145 328 1200 πτίων
351 1147 570 1207 πολλὸν,
589 1148 782 1214 ἔπεμπε
809 1146 892 1200 ἐπὶ
919 1147 1011 1214 τὴν
1027 1146 1273 1218 Κυρήνην·
1313 1149 1363 1200 οἶ
1391 1149 1445 1200 δὲ
1474 1149 1743 1218 Κυρηναῖοι

163 1224 657 1294 ἐκστρατευσάμενοι
685 1225 736 1280 ἐς
759 1222 949 1296 Ἴρασα
982 1231 1172 1297 χῶρον,
1202 1227 1284 1279 καὶ
1320 1226 1403 1279 ἐπὶ
1438 1224 1622 1296 κρήνην
1648 1224 1744 1277 Θέ-

166 1323 313 1368 στην,
345 1303 635 1367 συνέβαλόν
668 1325 726 1356 τε
761 1306 900 1356 τοῖσι
926 1303 1273 1374 Αἰγυπτίοισι,
1303 1303 1385 1356 καὶ
1421 1303 1657 1368 ἐνίκησαν
1683 1301 1745 1371 τῇ

168 1383 433 1448 συμβολῇ.
483 1381 572 1433 ἅτε
605 1382 707 1452 γὰρ
743 1381 804 1433 οὗ
839 1380 1194 1451 πεπειρημένοι
1230 1382 1481 1452 πρότερον
1512 1401 1561 1432 οι
1590 1376 1743 1450 Αἶγύ-
1774 1393 1799 1433 6

167 1480 306 1512 πτιοι
331 1457 614 1525 Ἑλλήνων,
645 1461 727 1513 καὶ
752 1461 1185 1529 παραχρεώμενοι,
1216 1457 1569 1529 διεφθάρησαν
1595 1454 1750 1522 οὕτω,

171 1538 307 1590 ὥστε
334 1537 505 1607 ὀλίγοι
532 1557 663 1592 τινες
689 1537 853 1589 αὐτῶν
878 1537 1238 1604 ἀπενόστησαν
1265 1537 1316 1590 ἐς
1331 1533 1606 1606 Αἴγυπτον.
1641 1535 1755 1588 ἀντὶ
1777 1545 1802 1588 Ἰ

172 1613 364 1668 τούτων
409 1613 679 1685 Αἰγύπτιοι
727 1616 852 1667 κατὰ
896 1615 1055 1667 τάυτὰ
1100 1614 1501 1683 ἐπιμεμφόμενοι
1537 1612 1749 1683 Ἀπρίῃ,

173 1693 472 1759 ἀπέστησαν
497 1691 584 1746 ἀπ’
611 1695 785 1745 αὐτοῦ.

265 1767 456 1822 Τούτου
503 1770 562 1822 δὲ
607 1771 700 1821 τοῦ
753 1766 951 1819 Βάττεω
1003 1763 1193 1831 γίνεται
1246 1763 1365 1817 πάῖς
1416 1761 1752 1828 Ἀρκεσίλεως
1787 1760 1893 1814 160

177 1845 229 1900 ὃς
263 1842 605 1909 βασιλεύσας,
634 1848 812 1913 πρῶτα
846 1846 982 1895 τοῖσι
1024 1845 1214 1896 ἑωυτοῦ
1249 1843 1559 1910 ἀδελφεοῖσι
1596 1841 1748 1894 ἐστα-

179 1923 350 1983 σίασε,
393 1922 445 1976 ἐς
492 1921 522 1974 ὅ
565 1943 652 1989 μιν
691 1920 832 1974 οὗτοι
871 1921 1210 1974 ἀπολιπόντες
1250 1917 1457 1988 οἴχοντο
1494 1921 1546 1974 ἐς
1584 1919 1754 1972 ἄλλον

178 2007 343 2071 χῶρον
369 2003 458 2067 τῆς
485 1998 696 2067 Λιβύης·
741 2001 821 2052 καὶ
849 1998 925 2052 ἐπ’
955 2001 1154 2052 ἑωυτῶν
1178 2000 1513 2066 βαλλόμενοι,
1544 1999 1753 2050 ἔκτισαν

180 2082 328 2133 πόλιν
353 2076 555 2145 ταύτην,
585 2076 614 2145 ἣ
643 2080 760 2129 τότε
785 2078 867 2129 καὶ
896 2080 983 2129 νῦν
1010 2078 1177 2146 Βάρκη
1206 2076 1458 2129 καλέεται·
1506 2075 1759 2139 κτίζοντες

184 2153 226 2211 δ’
241 2158 341 2224 ἅμα
366 2155 538 2223 αὐτὴν,
558 2156 812 2208 ἀπιστᾶσι
837 2154 938 2207 ἀπὸ
964 2160 1067 2206 τῶν
1088 2153 1382 2223 Κυρηναίων
1408 2153 1527 2207 τοὺς
1545 2152 1757 2216 Λίβυας.

186 2237 326 2288 Μετὰ
366 2233 439 2293 δὲ,
481 2231 823 2302 Ἀρκεσίλεως
863 2231 914 2286 ἐς
954 2232 1074 2287 τοὺς
1113 2231 1518 2298 ὑποδεξαμένους
1563 2251 1620 2282 τε
1662 2236 1762 2285 τῶν
1782 2244 1808 2283 2

186 2310 398 2376 Λιβύων,
437 2312 519 2363 καὶ
558 2311 882 2364 ἀποστάντας
922 2309 1042 2364 τοὺς
1079 2308 1263 2363 αὐτοὺς
1300 2306 1534 2368 τούτους,
1574 2308 1766 2378 ἐστρα-

188 2388 370 2444 τεύετο·
409 2390 457 2441 οἱ
485 2389 540 2442 δὲ
559 2389 745 2452 Λίβυες
772 2388 1034 2443 δείσαντες
1059 2388 1229 2448 αὐτὸν,
1248 2383 1456 2455 οἴχοντο
1485 2384 1769 2455 φεύγοντες

188 2471 310 2539 πρὸς
334 2467 452 2522 τοὺς
478 2463 650 2534 ἠοίους
685 2471 786 2518 τῶν
813 2463 1038 2529 Λιβύων.
1082 2468 1111 2518 ὁ
1140 2466 1194 2518 δὲ
1220 2464 1569 2534 Ἀρκεσίλεως
1598 2460 1769 2516 εἵπετο
1786 2479 1809 2520 8

192 2546 458 2620 φεύγουσι·
501 2543 641 2619 ἐς-οὗ
668 2545 723 2599 ἐν
748 2541 972 2598 Λεύκωνί
998 2565 1055 2597 τε
1084 2545 1174 2611 τῆς
1202 2540 1397 2612 Λιβύης
1424 2541 1621 2614 ἐγίνετο
1649 2539 1765 2595 ἔπι-
