1975 2892
168 141 278 188 ew]
569 78 1099 124 ΕΥΤΕΡΠΗ.--ῙῙ.
1136 79 1373 138 143-146.
1645 74 1754 128 199

166 200 385 268 πρώτων
422 196 713 267 λεγομένων
744 195 891 248 θεῶν·
946 195 1210 266 Ἡρακλῆς
1249 195 1305 248 δὲ
1345 200 1446 248 τῶν
1486 194 1752 265 δευτέρων,

166 281 271 328 τῶν
296 275 520 328 δυώδεκα
545 274 835 345 λεγομένων
862 270 1006 327 εἶναι·
1053 276 1304 328 Διόνυσος
1333 274 1408 334 δὲ,
1431 279 1531 326 τῶν
1551 274 1752 341 τρίτων,

166 349 217 406 οἳ
261 354 316 406 ἐκ
358 358 460 406 τῶν
502 352 727 406 δυώδεκα
770 351 898 405 θεῶν
938 352 1190 423 ἐγένοντο.
1271 351 1521 421 Ἡρακλέϊ
1556 353 1650 420 μὲν
1693 351 1752 420 δὴ
1778 371 1804 410 2

167 431 272 484 ὅσα
299 431 442 484 αὐτοὶ
462 428 733 501 Αἰγύπτιοί
752 431 890 499 φασι
912 425 1037 483 εἶναι
1056 431 1172 482 ἔτεα
1191 429 1244 484 ἐς
1257 426 1488 497 ’Ἄμασιν
1505 430 1752 493 βασιλέα,

169 508 454 577 δεδήλωταί
478 530 566 577 μοι
585 508 803 580 πρόσθε·
841 508 974 561 Πανὶ
997 509 1051 561 δὲ
1072 507 1147 560 ἔτι
1173 505 1367 560 τούτων
1385 506 1578 560 πλέονα
1602 508 1753 578 λέγε-

166 609 251 640 ται
271 583 413 653 εἶναι,
437 585 675 659 Διονύσῳ
696 585 741 640 δ’
762 585 1019 655 ἐλάχιστα
1037 584 1248 638 τούτων·
1285 585 1368 637 καὶ
1386 583 1549 656 τούτῳ
1568 607 1752 638 πεντα-

167 666 405 734 κισχίλια
430 666 513 718 καὶ
538 664 693 736 μύρια
715 664 1012 735 λογίζονται
1031 659 1156 716 εἶναι
1181 662 1236 719 ές
1249 661 1480 731 *Αμασιν
1503 663 1750 726 βασιλέα.

167 744 249 796 καὶ
276 747 434 797 ταῦτα
460 742 728 812 Αἰγύπτιοι
760 742 1008 814 ἀτρεκέως
1043 743 1182 812 φασὶ
1213 740 1544 802 ἐπίστασθαι,
1575 740 1674 794 αιέί
1697 763 1753 794 τε
1776 761 1802 801 a

165 824 507 893 λογιζόμενοι,
532 821 615 874 καὶ
640 820 738 873 alei
764 821 1185 892 ἀπογραφόμενοι
1205 821 1269 873 τὰ
1295 821 1428 872 ἔτεα.
1512 817 1748 892 Διονύσῳ
1776 837 1803 878 4

164 901 260 968 μέν
284 921 373 954 νυν
398 901 471 972 τῷ
496 903 552 952 ἐκ
580 899 803 965 Σεμέλης
828 901 918 966 τῆς
946 900 1154 966 Κάδμου
1189 898 1450 970 λεγομένῳ
1491 897 1750 968 γενέσθαι,

166 979 295 1030 κατὰ
341 978 584 1044 ἑξακόσια
628 977 744 1028 ἔτεα
788 977 871 1029 καὶ
915 977 1066 1046 χίλια
1109 978 1340 1045 μάλιστά
1383 974 1500 1029 ε’στι
1542 974 1596 1031 ἐς
1639 975 1748 1044 ε’μέ·

164 1055 417 1126 Ἡρακλέι·
441 1056 496 1109 δὲ
532 1059 605 1128 τῷ
646 1053 949 1122 Ἀλκμήνης,
980 1056 1107 1108 κατὰ
1142 1054 1402 1108 εἰνακόσια
1436 1056 1567 1107 ἔτεα·
1620 1055 1752 1107 Πανὶ
1776 1068 1802 1110 ὅ

166 1135 225 1187 δὲ
252 1133 323 1206 τῷ
349 1130 405 1186 ἐκ
432 1135 751 1200 Πηνελόπης,
780 1133 862 1200 (έκ
887 1131 1072 1200 ταύτης
1096 1134 1198 1204 γὰρ
1224 1134 1306 1187 καὶ
1330 1132 1526 1204 Ἑρμέω
1544 1132 1752 1203 λέγεται

162 1212 408 1282 γενέσθαι
434 1212 534 1265 ὑπὸ
559 1210 824 1279 Ἑλλήνων
851 1215 881 1265 ὁ
907 1209 1072 1282 Πάν’)
1112 1211 1332 1264 ε’λάσσω
1367 1211 1483 1263 ἕτεά
1507 1209 1624 1264 ε’στι
1650 1215 1752 1263 τῶν

164 1295 419 1361 Τρωῖκῶν,
438 1291 565 1342 κατὰ
590 1291 655 1342 τὰ
680 1289 956 1343 ὀκτακόσια
988 1291 1220 1357 μάλιστα
1245 1289 1299 1345 ές
1325 1288 1430 1357 ε’μέ.
1620 1286 1748 1342 Τού-
1781 1287 1894 1341 146

164 1390 270 1421 των
297 1367 366 1421 ὧν
391 1368 698 1438 ἀμφοτέρων
722 1369 943 1440 πάρεστι
981 1367 1212 1438 χρᾶσθαι
1247 1368 1389 1420 τοῖσί
1414 1388 1491 1422 τις
1516 1366 1750 1421 πείσεται

163 1445 497 1517 λεγομένοισι
537 1449 757 1514 μᾶλλον·
813 1446 929 1515 ε’μοὶ
964 1445 1010 1498 δ’
1047 1445 1117 1498 ὧν
1151 1445 1180 1513 ἡ
1224 1447 1342 1515 περὶ
1377 1445 1542 1498 αὐτῶν
1578 1445 1750 1515 γνώμη

164 1524 515 1578 ἀποδέδεκται.
563 1524 609 1576 εἷ
634 1524 727 1593 μὲν
748 1525 852 1596 γὰρ
878 1523 1098 1594 φανεροί
1124 1545 1180 1576 τε
1205 1522 1441 1593 ἐγένοντο
1479 1523 1559 1575 καὶ
1603 1542 1748 1574 κατε·
1775 1532 1800 1572 ²

162 1601 401 1674 γήρασαν
440 1603 523 1655 καὶ
564 1601 705 1656 οὗτοι
744 1601 797 1656 ἐν
836 1605 898 1670 τῇ
932 1601 1166 1660 Ἑλλάδι,
1207 1602 1428 1671 κατάπερ
1466 1600 1752 1672 Ἡρακλέης

164 1685 195 1734 ὁ
231 1681 293 1747 ἐξ
318 1679 705 1751 Ἀμφιτρύωνος
727 1683 1016 1753 γενόμενος,
1046 1680 1127 1732 καὶ
1155 1678 1214 1746 δὴ
1243 1679 1326 1731 καὶ
1361 1681 1613 1733 Διόνυσος
1639 1682 1668 1731 ὁ
1695 1677 1752 1730 ἐκ

164 1760 416 1827 Σεμέλης,
446 1760 528 1812 καὶ
568 1761 681 1812 Πὰν
717 1763 745 1812 ὁ
788 1758 845 1812 ἐκ
887 1761 1191 1825 Πηνελόπης
1229 1759 1517 1828 γενόμενος,
1546 1758 1648 1826 ἔφη
1692 1757 1754 1809 ἄν

164 1859 263 1898 τις,
305 1839 387 1890 καὶ
430 1836 642 1892 τούτους
682 1837 894 1897 ἅλλους,
932 1837 1118 1907 ἄνδρας
1157 1835 1474 1907 γενομένους,
1512 1836 1651 1904 ἔχειν
1689 1836 1753 1887 τὰ

164 1916 371 1968 ἐκείνων
397 1916 649 1983 οὐνόματα
682 1921 784 1968 τῶν
814 1918 1202 1986 προγεγονότων
1229 1914 1376 1967 θεῶν.
1420 1918 1509 1968 νῦν
1534 1914 1590 1967 δὲ
1627 1918 1747 1967 Διό·
1772 1920 1798 1960 8

166 1996 327 2048 νυσόν
353 2015 409 2046 τε
444 1993 663 2062 λέγουσι
698 1995 749 2045 οἱ
775 1991 1048 2059 Ἕλληνες,
1088 1994 1155 2047 ὣς
1191 1993 1368 2046 αὐτίκα
1401 1996 1672 2064 γενόμενον
1697 1992 1752 2047 ἐς

164 2074 259 2124 τὸν
296 2073 458 2141 μηρὸν
493 2071 815 2142 ἐνερράψατο
856 2073 997 2132 Ζεὺς,
1027 2072 1109 2123 καὶ
1148 2074 1310 2138 ἤνεικε
1351 2070 1406 2125 ές
1448 2070 1629 2123 Νύσαν
1663 2070 1756 2136 τὴν

164 2150 297 2220 ὑπὲρ
340 2148 602 2221 Αἰγύπτου
643 2148 833 2202 εὀῧσαν
857 2147 913 2202 ε’ν
948 2152 1009 2216 τῇ
1054 2148 1311 2214 Αἰθιοπίῃ·
1370 2149 1451 2200 καὶ
1486 2152 1654 2200 Πανός
1692 2168 1755 2217 γε

164 2225 286 2298 πέρι
328 2228 420 2280 οὐκ
463 2229 647 2297 ἔχουσι
683 2227 844 2281 εἰπεῖν
878 2226 969 2292 ὅκη
1007 2225 1254 2295 ἐτράπετο
1290 2228 1576 2293 γενόμενος.
1622 2225 1754 2290 δῆλά
1771 2227 1798 2268 4

164 2327 256 2373 μοι
284 2303 353 2358 ὧν
378 2307 577 2376 γέγονε,
602 2304 681 2358 ὅτι
702 2303 923 2375 ὕστερον
944 2302 1192 2356 ἐπύθοντο
1221 2305 1270 2356 οἱ
1288 2302 1540 2369 Ἕλληνες
1562 2299 1757 2353 τούτων

166 2385 233 2436 τὰ
259 2383 527 2452 οὐνόματα,
551 2383 581 2452 ἢ
608 2384 672 2436 τὰ
699 2389 799 2436 τῶν
826 2383 1002 2436 ἄλλων
1031 2381 1174 2434 θεῶν·
1221 2379 1305 2433 ἀπ’
1335 2379 1396 2432 οὗ
1423 2381 1478 2432 δὲ
1505 2377 1754 2432 ἐπύθοντο

166 2463 376 2531 χρόνου,
406 2462 507 2515 ἀπὸ
543 2459 728 2514 τούτου
769 2459 1167 2530 γενεηλογέουσι
1209 2458 1372 2511 αὐτῶν
1407 2458 1498 2526 τὴν
1531 2458 1754 2528 γένεσιν.

167 2542 339 2592 Ταῦτα
362 2539 456 2608 μέν
483 2561 571 2593 νυν
597 2539 740 2592 αὐτοὶ
767 2538 1036 2610 Αἰγύπτιοι
1063 2538 1300 2608 λέγουσι.
