1975 2892
273 81 380 134 190
648 137 655 144 ,
852 89 1248 134 ΗΡΟΔΟΤΟΥ

1536 146 1862 192 [A.c.1100-

265 208 466 273 πρῶτον
492 205 653 253 κακῶν
688 200 837 268 ἄρξαι
872 199 963 267 τὴν
990 199 1244 270 θυγατέρα
1277 198 1642 252 ἀποθανοῦσαν
1669 201 1802 252 αὐτο
1810 205 1858 261 ῦ,

212 291 238 330 4
267 282 356 348 τὴν
394 281 579 348 μοῦνόν
616 280 665 332 οἶ
708 275 831 331 εἶναι
871 278 927 331 έν
965 281 1106 330 τοῖσι
1145 277 1352 330 οἰκίοισι
1392 275 1587 330 τέκνον.
1645 279 1742 331 τὸν
1777 279 1857 339 δὲ,

266 355 693 428 ὑπεραλγήσαντά
744 378 799 409 τε
852 359 923 430 τῷ
972 357 1375 426 περιεπεπτώκεε
1427 354 1716 424 πρήγματι,
1769 357 1858 409 καὶ

264 439 581 503 βουλόμενον
606 436 983 505 περισσότερόν
1007 455 1058 486 τι
1091 439 1192 487 τῶν
1221 434 1400 486 ἄλλων
1425 432 1596 504 θάψαι
1629 434 1730 501 τὴν
1757 434 1859 486 θυ-

262 514 472 584 γατέρα,
512 511 830 580 ποιήσασθαι
868 515 1002 576 βοῦν
1040 511 1252 578 ξυλίνην
1291 511 1485 577 κοίλην.
1543 513 1625 564 καὶ
1673 513 1859 564 ἔπειτα

268 592 735 662 καταχρυσώσαντά
769 612 855 658 μιν
888 589 1092 658 ταύτην,
1121 591 1227 642 ἔσω
1261 588 1318 642 έν
1351 589 1478 656 αὐτῇ
1515 588 1688 659 θάψαι
1725 588 1854 642 ταύ-

133 670 245 724 130
267 691 357 738 την
392 670 455 737 δὴ
489 669 580 737 τὴν
614 669 971 722 ἀποθανοῦσαν
1012 667 1282 738 θυγατέρα.
1523 665 1663 734 Αὕτη
1707 667 1782 721 ὦν
1821 666 1853 734 ἧ

266 751 395 812 βοῦς
419 752 485 818 ’γῇ
514 748 605 800 οὐκ
632 744 880 818 ἐκρύφθη,
910 745 1030 798 ἀλλ’
1060 747 1136 800 ἔτι
1173 747 1257 798 καὶ
1295 744 1350 800 ἐς
1389 745 1476 814 ἐμὲ
1517 742 1580 812 ἦν
1617 744 1849 816 φανερή·

264 825 323 878 έν
358 828 451 878 Σάῒ
482 826 575 893 μὲν
608 828 735 879 πόλι
768 823 947 885 ἐοῦσα,
986 824 1182 892 κειμένη
1219 824 1277 876 δὲ
1317 824 1374 877 ἐν
1415 825 1554 876 τοῖσι
1589 819 1849 890 βασιληΐ-

264 923 393 963 οισι,
423 901 479 955 ἔν
516 901 748 970 οἰκήματι
786 899 1071 974 ἠσκημένῳ·
1129 899 1416 969 θυμιήματα
1455 902 1512 954 δὲ
1548 901 1673 971 παρ’
1717 903 1845 969 αὐτῇ

265 983 479 1034 παντοῖα
514 981 842 1052 καταγίζουσι
878 980 973 1034 ἀνὰ
1005 982 1180 1032 πᾶσαν
1213 978 1416 1051 ἡμέρην·
1459 977 1613 1032 νύκτα
1639 979 1699 1032 δὲ
1727 982 1846 1034 έκά-

220 1071 247 1112 2
271 1079 399 1124 στην
422 1059 678 1127 πάννυχος
702 1056 893 1127 λύχνος
918 1058 1264 1128 παρακαίεται.
1319 1058 1487 1128 ἀγχοῦ
1513 1058 1571 1110 δὲ
1597 1059 1692 1125 τῆς
1715 1059 1849 1122 βοὸς

267 1134 451 1204 ταύτης
483 1137 540 1191 ἐν
574 1137 721 1208 ἄλλῳ
762 1133 994 1204 οἰκήματι
1032 1136 1219 1190 εἰκόνες
1257 1142 1358 1188 τῶν
1396 1134 1706 1189 παλλακέων
1744 1142 1849 1190 τῶν

268 1214 554 1284 Μυκερίνου
600 1216 805 1274 ἑστᾶσι,
850 1215 919 1268 ὣς
962 1215 1151 1284 ἔλεγον
1191 1215 1241 1265 οἱ
1283 1213 1340 1267 έν
1380 1215 1472 1266 Σάῖ
1513 1215 1640 1266 πόλι
1689 1214 1844 1285 ἱρέες·

268 1293 456 1346 έστᾶσι
494 1293 587 1361 μὲν
622 1293 723 1363 γὰρ
763 1290 961 1358 ξύλινοι
993 1293 1264 1352 κολοσσοὶ,
1308 1292 1487 1344 ἐοῦσαι
1518 1290 1736 1361 ἀριθμὸν
1773 1294 1846 1348 ὦς

270 1371 459 1424 ἐείκοσι
486 1371 715 1440 μάλιστά
742 1391 820 1437 κη,
846 1369 1032 1440 γυμναὶ
1065 1369 1387 1440 ἐργασμέναι·
1431 1367 1488 1423 αἴ
1507 1390 1640 1424 τινες
1664 1370 1842 1438 μέντοι

133 1446 241 1502 131
270 1449 392 1510 εἶσὶ,
421 1449 513 1502 οὐκ
538 1450 641 1518 ἔχω
674 1448 847 1508 εἰπεῖν,
876 1447 1014 1515 πλὴν
1037 1446 1068 1515 ἢ
1095 1449 1160 1500 τὰ
1183 1450 1451 1518 λεγόμενα.
1695 1451 1759 1501 Οἱ
1785 1449 1844 1501 δέ

268 1547 399 1581 τινες
424 1528 641 1598 λέγουσι
667 1527 785 1596 περὶ
810 1528 901 1593 τῆς
923 1527 1052 1590 βοὸς
1077 1522 1276 1592 ταύτης,
1305 1527 1387 1578 καὶ
1413 1531 1514 1579 τῶν
1538 1527 1837 1588 κολοσσῶν,

268 1605 415 1658 τόνδε
454 1607 545 1660 τὸν
583 1607 761 1676 λόγον·
821 1605 889 1658 ὣς
932 1605 1213 1674 Μυκερῖνος
1264 1603 1456 1674 ἐρείσθη
1509 1607 1600 1672 τῆς
1649 1606 1840 1657 ἑωυτοῦ

220 1690 248 1732 2
270 1682 536 1753 θυγατρὸς,
559 1685 639 1736 καὶ
666 1685 837 1736 ἔπειτα
858 1682 1004 1752 ε’μίγη
1031 1683 1081 1734 οἶ
1099 1679 1339 1749 ἀεκούσῃ.
1381 1683 1509 1750 μετὰ·
1523 1683 1598 1743 δέ,
1619 1683 1837 1754 λέγουσι

270 1761 338 1814 ὣς
376 1759 405 1827 ἦ
436 1764 557 1818 παῖς
594 1759 857 1831 ἀπήγξατο
892 1759 994 1812 ὑπὸ
1021 1759 1190 1828 ἄχεος·
1237 1763 1266 1812 ὁ
1305 1759 1364 1812 δέ
1392 1781 1478 1828 μιν
1504 1760 1672 1831 ἔθαψε
1699 1762 1752 1814 έν
1774 1764 1838 1829 τῇ

266 1833 363 1902 βοῒ
382 1837 555 1906 ταύτῃ·
598 1838 631 1906 ἡ
658 1839 713 1892 δέ
747 1835 911 1910 μήτηρ
936 1838 1092 1905 αὐτῆς
1118 1843 1216 1890 τῶν
1240 1837 1550 1906 ἀμφιπόλων
1583 1844 1684 1892 τῶν
1707 1861 1832 1910 προ-

270 1915 497 1968 δουσέων
535 1917 625 1984 τὴν
666 1917 917 1988 θυγατέρα
956 1918 1028 1988 τῷ
1062 1917 1216 1986 πατρὶ
1251 1915 1474 1983 ἀπέταμε
1511 1917 1603 1971 τὰς
1641 1921 1830 1988 χεῖρας·

270 1993 351 2046 καὶ
387 1996 474 2046 νῦν
506 1995 598 2049 τὰς
630 1994 823 2050 εἰκόνας
858 1995 1051 2048 αὐτέων
1084 1989 1210 2047 εἶναι
1243 1993 1549 2050 πεπονθυίας
1588 1996 1744 2066 τάπερ
1779 1997 1834 2048 αἱ

220 2088 247 2132 a
271 2073 392 2137 ζωαὶ
425 2070 633 2126 ἔπαθον.
682 2077 841 2126 ταῦτα
878 2072 935 2126 δὲ
969 2072 1189 2143 λέγουσι
1223 2073 1586 2142 φλυηρέοντες,
1629 2073 1697 2128 ὥς
1735 2074 1832 2143 ε’γῶ

269 2150 444 2212 δοκέω,
474 2152 537 2204 τά
572 2173 629 2204 τε
652 2151 809 2212 ἄλλα,
838 2151 921 2204 καὶ
956 2151 1018 2218 δὴ
1047 2150 1128 2202 καὶ
1153 2151 1217 2203 τὰ
1246 2150 1364 2220 περὶ
1397 2152 1489 2205 τὰς
1526 2153 1700 2222 χεῖρας
1737 2157 1832 2204 τῶν

268 2231 560 2281 κολοσσῶν·
616 2233 776 2282 ταῦτα
810 2231 912 2300 γὰρ
946 2229 1016 2281 ὧν
1051 2230 1132 2281 καὶ
1171 2228 1311 2296 ἡμεῖς
1345 2229 1581 2298 ὁρέομεν,
1625 2229 1704 2282 ὅτι
1739 2231 1827 2284 ὑπὸ

266 2308 454 2372 χρόνου
498 2307 589 2360 τὰς
630 2309 805 2376 χεῖρας
850 2305 1267 2374 ἀποβεβλήκασι,
1311 2303 1365 2358 αἳ
1405 2307 1459 2360 ἐν
1487 2309 1618 2361 ποσὶ
1649 2308 1826 2360 αὐτέων

132 2376 243 2427 132
267 2381 509 2444 φαίνοντο
545 2383 723 2436 εὀῦσαι
762 2386 837 2436 ἔτι
872 2386 955 2438 καὶ
995 2385 1046 2440 ἐς
1079 2384 1183 2452 ε’μέ.
1423 2384 1492 2438 ‘H
1526 2386 1584 2438 δὲ
1613 2389 1741 2450 βοῦς
1772 2388 1826 2439 τὰ

266 2453 357 2514 μὲν
382 2456 519 2508 ἅλλα
546 2461 940 2531 κατακέκρυπται
956 2464 1200 2536 φοινικέω
1228 2476 1410 2532 ειματι
1453 2465 1546 2517 τὸν
1567 2463 1754 2532 αὐχένα
1777 2465 1824 2517 δὲ

267 2525 347 2574 κω
366 2528 455 2592 *ἦν
471 2535 701 2601 κεφαλὴν
713 2538 887 2605 φαίνει
904 2541 1267 2610 κεχρυσωμένα
1283 2563 1442 2611 παχει
1457 2544 1618 2613 κάρτα
1634 2545 1822 2616 χρυσαῖ·

1961 727 1969 834 4
