1975 2892
310 151 386 205 66
766 167 771 171 ·
893 156 1300 206 ΗΡοΔοΤοΥ

1601 210 1790 260 μου.
1810 210 1906 250 580.

311 271 561 339 τούτοισι,
604 273 688 328 ε’πὶ
726 275 915 344 χρόνον
953 273 1224 344 ἄφθογγος
1263 268 1342 338 ἦν.
1384 277 1534 342 μόγις
1574 276 1630 324 δὲ
1669 271 1732 339 δὴ
1777 292 1907 323 κοτε

312 351 633 421 ἀνενειχθεὶς,
663 346 791 411 εἶπε,
822 352 996 405 θέλων
1024 350 1284 419 ἐκπέμψαι
1311 350 1400 402 τὸν
1424 348 1797 419 Ἀρτεμβάρεα,
1817 347 1908 401 ἵνα

272 433 401 483 θτὸν
426 432 683 493 βουκόλον
707 434 894 497 μοῦνον
931 430 1111 493 λαβὼν
1143 428 1430 495 βασανίσῃ·
1475 428 1512 453 “
1529 425 1905 497 Ἀρτέμβαρες,

316 510 415 579 ἐγὼ
457 512 616 561 ταῦτα
659 506 880 574 ποιὴσω,
924 508 1061 559 ὥστε
1105 507 1168 559 σὲ
1215 506 1298 559 καὶ
1339 508 1428 558 τὸν
1473 506 1630 559 παῖδα
1666 506 1760 557 τὸν
1803 507 1910 558 σὸν

265 603 291 643 4
316 587 470 654 μηδὲν
497 580 936 654 ἐπιμέμφεσθαι.”
978 586 1079 636 Τὸν
1103 584 1196 651 μέν
1222 583 1283 650 δὴ
1309 582 1659 654 Ἀρτεμβάρεα
1683 583 1905 651 πέμπει·

318 668 409 717 τὸν
436 665 491 717 δὲ
522 667 689 734 Κῦρον
714 661 839 733 ἦγον
864 664 969 715 ἔσω
1009 663 1058 713 οἱ
1085 660 1408 731 θεράποντες,
1438 659 1782 716 κελεῦσαντος
1809 665 1910 713 τοῦ

270 757 295 796 6
318 742 651 811 Ἀστυάγεος.
706 742 815 794 ἐπεὶ
853 741 910 794 δὲ
957 740 1297 793 ὑπελέλειπτο
1329 742 1358 791 6
1393 741 1650 803 βουκόλος
1689 742 1908 807 μοῦνος,

319 819 639 888 μουνωθέντα
666 820 783 871 τάδε
810 819 963 871 αὐτὸν
982 815 1146 887 εἴρετο
1173 820 1203 870 6
1229 815 1534 887 Ἀστυάγης,
1563 816 1716 869 κόθεν
1739 819 1912 881 λάβοι

320 900 411 951 τὸν
440 896 611 955 παῖδα,
651 898 733 948 καὶ
771 897 849 951 τίς
875 894 949 961 εἴη
976 898 1008 948 ὁ
1045 892 1336 965 παραδούς-3
1378 897 1407 946 6
1435 895 1490 947 δὲ
1531 894 1590 961 ἐξ
1625 896 1824 947 ἑωυτοῦ
1851 916 1914 948 τε

322 976 423 1043 ἔφη
454 973 732 1045 γεγονέναι,
767 975 849 1028 καὶ
888 974 979 1041 τὴν
1020 977 1270 1025 τεκοῦσαν
1307 972 1460 1026 αὐτὸν
1499 974 1573 1025 ἔτι
1613 968 1744 1025 εἶναι
1781 972 1912 1043 παρ’

276 1068 301 1108 6
326 1055 511 1125 ἑωυτῷ.
553 1050 842 1123 Ἀστυάγης
868 1052 927 1106 δέ
950 1073 1037 1119 μιν
1071 1051 1163 1103 οὐκ
1189 1048 1246 1103 εὖ
1270 1048 1616 1114 βουλεύεσθαι
1643 1052 1769 1119 ἔφη,
1795 1052 1910 1104 ε’πι-

327 1130 574 1197 θυμέοντα
600 1130 650 1184 ές
677 1129 895 1201 ἀνάγκας
913 1130 1142 1199 μεγάλας
1167 1128 1513 1182 άπικνέεσθαι·
1542 1128 1646 1196 ἅμα
1659 1150 1720 1180 τε
1735 1128 1916 1200 λέγων

278 1222 302 1265 7
326 1211 499 1272 ταῦτα,
531 1205 772 1275 ἐσήμαινε
798 1210 937 1259 τοῖσι
968 1208 1312 1278 δορυφόροισι
1346 1207 1630 1274 λαμβάνειν
1655 1206 1836 1259 αὐτόν.
1883 1210 1914 1260 6

326 1286 402 1346 δὲ,
432 1286 675 1357 ἀγόμενος
702 1285 754 1340 ές
785 1286 875 1339 τὰς
900 1285 1136 1356 ἀνάγκας,
1167 1281 1302 1337 οὕτω
1337 1283 1398 1350 δὴ
1426 1286 1603 1353 ἔφαινε
1639 1286 1731 1337 τὸν
1758 1283 1916 1339 ε’όντα

279 1382 303 1423 s
327 1366 506 1434 λόγον.
565 1363 845 1433 ἀρχόμενος
890 1364 951 1428 δὴ
995 1361 1081 1416 ἀπ’
1129 1362 1291 1432 ἀρχῆς
1333 1360 1536 1430 διεξῄει,
1582 1362 1646 1429 τῇ
1684 1358 1916 1430 ἀληθηΐῃ

327 1444 630 1512 χρεώμενος·
672 1441 755 1493 καὶ
794 1442 1059 1504 κατέβαινε
1097 1438 1150 1495 ἔς
1188 1440 1333 1493 λιτάς
1368 1459 1441 1500 τε,
1480 1440 1562 1492 καὶ
1598 1442 1918 1510 συγγνώμην

196 1516 305 1577 117
332 1520 503 1593 ἑωυτῷ
540 1517 761 1573 κελεύων
796 1520 933 1587 ἔχειν
963 1518 1137 1572 αὐτόν.
1379 1516 1668 1588 Ἀστυάγης
1699 1518 1777 1582 δὲ,
1817 1522 1917 1571 τοῦ

328 1599 423 1667 μὲν
446 1599 706 1662 βουκόλου
744 1596 835 1664 τὴν
860 1590 1108 1663 άληθηΐην
1137 1594 1465 1666 ε’κφῆναντος,
1493 1598 1656 1666 λόγον
1691 1596 1790 1663 ἤδη
1830 1597 1920 1649 καὶ

332 1674 549 1729 ε’λάσσω
574 1674 821 1729 ἐποιέετο·
864 1672 1106 1745 Ἀρπάγῳ
1128 1674 1183 1727 δὲ
1204 1675 1286 1726 καὶ
1304 1676 1540 1744 μεγάλως
1559 1675 1915 1743 μεμφόμενος,

332 1754 532 1807 καλέειν
556 1753 709 1806 αὐτὸν
734 1752 853 1806 τοὺς
880 1752 1199 1822 δορυφόρους
1224 1750 1446 1805 ε’κέλευε.
1491 1751 1559 1805 ὣς
1585 1751 1643 1803 δέ
1667 1752 1716 1803 οἶ
1743 1755 1922 1822 παρῆν

332 1833 363 1883 6
400 1828 683 1901 Ἅρπαγος,
724 1826 887 1900 εἴρετό
928 1850 1018 1897 μιν
1051 1832 1080 1881 6
1115 1827 1420 1896 Ἀστυάγης·
1467 1826 1769 1898 ’(Ἀρπαγε,
1811 1830 1920 1902 τέῳ

335 1906 396 1972 δὴ
431 1908 572 1978 μόρῳ
608 1906 697 1959 τὸν
730 1908 887 1960 παῖδα
922 1904 1266 1977 κατεχρήσαο,
1302 1909 1392 1959 τόν
1429 1927 1510 1959 τοι
1547 1906 1816 1976 παρέδωκα
1861 1909 1922 1960 ἐκ

288 1995 313 2037 2
337 1984 585 2053 θυγατρὸς
609 1986 857 2054 γεγονότα
882 1985 971 2051 τῆς
997 1983 1120 2053 ε’μῆς
1137 1982 1199 2045 ;”
1240 1984 1300 2037 Ὃ
1329 1985 1386 2038 δὲ
1403 1981 1683 2055 Ἅρπαγος,
1712 1985 1782 2038 ὣς
1809 2006 1858 2037 ει
1896 2008 1924 2038 ε

335 2062 425 2114 τὸν
450 2063 708 2126 βουκόλον
732 2062 876 2114 ἔνδον
900 2060 1065 2121 ε’όντα,
1089 2062 1149 2115 οὗ
1175 2063 1409 2133 τρέπεται
1435 2061 1521 2115 ε’πὶ
1545 2062 1744 2131 ψευδέα
1771 2062 1920 2125 ὁδὸν,

336 2136 417 2193 ἵνα
450 2139 517 2208 μὴ
555 2138 894 2209 ἐλεγχόμενος
929 2139 1221 2206 ἁλίσκηται·
1265 2140 1406 2193 ἀλλὰ
1435 2139 1581 2210 λέγει
1605 2140 1746 2192 τάδε·
1795 2137 1924 2193 “Ὠ

336 2219 582 2282 βασιλεῦ,
631 2215 745 2271 ε’πεί
794 2237 854 2269 τε
902 2218 1210 2287 παρέλαβον
1254 2219 1314 2270 τὸ
1359 2218 1580 2277 παιδίον,
1629 2215 1925 2280 ἐβούλευον

340 2301 549 2350 σκοπῶν
576 2294 705 2349 ὅκως
732 2293 822 2347 σοι’
848 2314 903 2347 τε
928 2293 1132 2362 ποιήσω
1149 2296 1275 2347 κατὰ
1295 2297 1428 2360 νόον,
1458 2294 1538 2347 καὶ
1565 2293 1669 2365 ε’γῶ
1693 2296 1825 2365 πρὸς
1855 2298 1924 2350 σὲ

338 2376 605 2444 γενόμενος
630 2373 994 2443 ἀναμάρτητος,
1022 2370 1148 2440 μήτε
1181 2372 1392 2443 θυγατρὶ
1428 2377 1491 2440 τῇ
1517 2376 1586 2440 σῇ
1613 2369 1740 2439 μήτε
1781 2373 1924 2447 αὐτῷ

294 2464 320 2503 8
343 2471 431 2503 σοι
463 2448 568 2517 εἵην
602 2450 859 2516 αὐθέντης.
900 2450 1058 2502 ποιέω
1095 2450 1156 2516 δὴ
1185 2450 1300 2503 ὧδε.
1344 2450 1569 2504 καλέσας
1602 2451 1692 2503 τὸν
1724 2452 1922 2513 βουκό-

340 2529 439 2578 λον
463 2528 625 2587 τόνδε,
653 2522 972 2596 παραδίδωμι
1011 2528 1070 2579 τὸ
1095 2527 1315 2587 παιδίον,
1343 2528 1452 2597 φὰς
1485 2527 1552 2581 σέ
1575 2548 1632 2579 τε
1671 2522 1800 2580 εἶναι
1831 2531 1928 2583 τὸν

345 2601 615 2657 κελεύοντα
650 2602 939 2658 ἀποκτεῖναι
976 2605 1120 2658 αὐτό.
1173 2606 1258 2657 καὶ
1293 2607 1464 2676 λέγων
1507 2607 1658 2658 τοῦτό
1698 2626 1782 2672 γε,
1829 2608 1930 2660 οὐκ
