1975 2892
484 87 965 135 OAAEIA.--111.
1003 84 1235 134 118-121.
1536 79 1677 133 285-

41 154 118 193 01.
145 151 208 193 64.
233 152 268 199 3,
289 150 348 199 4.]
1334 156 1337 161 “

46 202 187 257 “Ὠ
214 206 458 269 βασιλεῦ,
480 202 606 273 ἀνὴρ
630 203 723 271 μέν
747 224 834 271 μοι
861 203 922 256 ἂν
947 203 1111 258 ἄλλος
1134 205 1351 275 γένοιτο,
1382 205 1427 258 εἷ
1454 206 1645 275 δαίμων

42 282 256 343 ἐθέλοι,
299 282 380 334 καὶ
418 282 565 333 τέκνα
604 280 758 342 ἄλλα,
788 281 833 334 εἰ
872 284 1029 333 ταῦτα
1068 282 1403 351 ἀποβάλοιμι·
1452 287 1643 355 πατρὸς
1698 283 1718 310 ’·

43 363 111 415 δὲ
147 362 231 413 καὶ
257 360 446 428 μητρὸς
473 359 563 411 οὐκ
595 360 670 411 ἔτι
703 380 798 427 μευ
835 360 1081 423 ζωόντων,
1111 360 1365 428 ἀδελφεὸς
1392 362 1453 415 ἂν
1480 362 1644 418 ἄλλος

43 438 232 493 οὐδενὶ
259 440 430 508 τρόπῳ
456 436 674 507 γένοιτο.
719 434 873 502 ταύτῃ
901 440 962 503 τῇ
987 438 1161 507 γνώμῃ
1188 439 1465 507 χρεωμένη,
1484 441 1643 507 ἔλεξα

44 512 284 571 ταῦτα.”
365 513 440 567 Εὖ
466 536 520 566 τε
548 514 607 581 δὴ
636 514 782 579 ἔδοξε
812 516 884 586 τῷ
912 514 1108 587 Δαρείῳ
1145 515 1303 567 εἰπεῖν
1328 515 1358 583 ἡ
1384 517 1529 587 γυνὴ,
1560 517 1643 569 καί
1658 526 1683 565 9

45 597 102 651 οἱ
135 595 302 662 ἀπῆκε
334 595 516 646 τοῦτόν
541 614 598 644 τε
632 594 723 646 τὸν
746 593 1063 661 παραιτέετο,
1093 594 1174 646 καὶ
1210 598 1309 645 τῶν
1332 595 1527 647 παίδων
1553 596 1643 647 τὸν

44 669 441 745 πρεσβύτατον,
483 669 662 737 ἡσθεὶς
700 670 842 737 αὐτῇ·
899 669 1019 725 τοὺς
1057 670 1113 723 δὲ
1152 670 1347 726 ἄλλους
1384 672 1643 725 ἀπέκτεινε

47 754 273 807 πάντας.
316 754 418 802 τῶν
441 749 534 817 μὲν
559 747 620 815 δὴ
649 748 776 801 ἑπτὰ
803 743 875 802 εἷς
901 748 1078 801 αὐτίκα
1103 752 1275 821 τρόπῳ
1302 752 1373 823 τῷ
1399 750 1641 823 εἷρημένῳ

49 830 353 885 ἀπολώλεε.

143 906 290 959 Κατὰ
333 904 394 959 δέ
433 928 524 960 κου
565 904 794 973 μάλιστα
835 902 928 971 τὴν
969 900 1260 969 Καμβύσεω
1302 906 1493 958 νοῦσον
1526 903 1639 976 ἐγέ-
1658 902 1770 959 120

53 1006 181 1041 νετο
207 984 348 1037 τάδε.
427 982 554 1039 ’Υπό
583 982 754 1054 Κύρου
781 981 1114 1036 κατασταθεὶς
1138 980 1201 1049 ἦν
1228 984 1451 1052 Σαρδίων
1476 980 1637 1055 ὕπαρ-

52 1086 160 1135 χος
211 1061 460 1129 Ὀροίτης,
501 1063 626 1131 ἀνὴρ
671 1062 896 1128 Πέρσης.
967 1059 1117 1115 οὗτος
1169 1058 1459 1128 ἐπεθύμησε
1508 1062 1679 1132 musy-2

47 1161 257 1211 γματος
296 1137 387 1190 οὐκ
427 1137 594 1190 ὁσίου·
651 1137 769 1187 οὔτε
805 1137 906 1205 γάρ
946 1155 997 1186 τι
1036 1134 1213 1188 παθὼν
1252 1138 1368 1188 οὔτε
1413 1135 1638 1193 ἀκούσας

50 1220 276 1286 μάταιον
303 1216 423 1269 ἔπος
457 1215 586 1283 πρὸς
611 1214 970 1283 Πολυκράτεος
1006 1216 1097 1265 τοῦ
1126 1214 1334 1281 Σαμίου,
1364 1217 1481 1267 οὔτε
1518 1214 1643 1269 ἰδὼν

52 1297 330 1365 πρότερον,
361 1290 604 1360 ἐπεθύμεε
638 1292 817 1355 λαβὼν
852 1290 1006 1344 αὐτὸν
1040 1290 1314 1345 ἀπολέσαι·
1358 1293 1427 1347 ὣς
1460 1293 1552 1359 μὲν
1587 1293 1637 1344 οἱ

55 1377 280 1427 πλεῦνες
323 1371 561 1441 λέγουσι,
609 1370 692 1422 διὰ
737 1366 936 1436 τοιήνδε
987 1368 1099 1420 τινὰ
1151 1368 1331 1435 αἰτίην.
1401 1370 1485 1422 ε’πὶ
1536 1374 1637 1421 τῶν
1655 1394 1680 1435 3

62 1450 317 1518 βασιλέος
352 1448 542 1518 θυρέων
577 1444 852 1514 κατήμενον
886 1448 974 1498 τόν
1010 1468 1066 1498 τε
1092 1445 1327 1516 Ὀροίτην
1357 1447 1438 1499 καὶ
1472 1446 1639 1499 ἄλλον

54 1529 293 1597 Πέρσην,
329 1530 400 1599 τῷ
441 1529 629 1593 οὔνομα
669 1520 792 1577 εἶναι
833 1525 1179 1593 Μιτροβάτεα,
1217 1527 1373 1591 νομοῦ
1413 1524 1638 1594 ἄρχοντα

38 1610 156 1660 ”rofi
185 1606 240 1657 ἐν
268 1604 586 1675 Δασκυλείῳ,
615 1601 826 1657 τούτους
863 1601 916 1653 ἐκ
951 1604 1125 1671 λόγων
1160 1602 1211 1655 ἐς
1247 1600 1408 1654 νείκεα
1436 1623 1634 1669 συμπε-

54 1684 224 1739 σὲειν.
261 1682 560 1754 κρινομένων
587 1682 642 1734 δὲ
668 1682 786 1751 περὶ
811 1680 1009 1749 ἀρετῆς,
1030 1679 1189 1734 εἷπεῖν
1206 1680 1293 1732 τὸν
1310 1682 1637 1749 Μιτροβάτεα
1654 1701 1688 1754 4.

50 1763 136 1834 τῷ
161 1760 388 1831 Ὀροίτῃ,
415 1760 760 1830 προφέροντα·
809 1762 844 1784 “
863 1758 932 1811 Σὺ
965 1758 1067 1828 γὰρ
1094 1758 1147 1811 έν
1173 1758 1367 1828 ἀνδρῶν
1390 1760 1550 1831 λόγῳ,
1581 1757 1637 1813 ὃς

51 1840 282 1907 βασιλέῖ
315 1841 473 1907 νῆσον
500 1840 667 1905 Σάμον
701 1838 828 1907 πρὸς
867 1840 937 1909 τῷ
979 1842 1059 1910 σῷ
1098 1840 1234 1909 νομῷ
1268 1837 1637 1907 προσκειμένην

54 1918 128 1972 οὗ
153 1915 533 1985 προσεκτήσαο,
563 1916 660 1968 ὧδε
687 1914 746 1983 δή
775 1936 824 1967 τι
852 1915 1039 1968 ἐοῦσαν
1064 1915 1273 1969 εὐπετέα
1298 1916 1633 1986 χειρωθῆναι;

55 1994 158 2065 τὴν
177 2000 278 2049 τῶν
296 2016 372 2051 τις
398 1994 684 2064 ἐπιχωρίων
701 1994 1053 2046 πεντεκαίδεκα
1078 1994 1326 2060 ὁπλίτῃσι
1352 1994 1639 2049 ἐπαναστὰς

59 2076 216 2142 ἔσχε,
245 2074 326 2126 καὶ
353 2076 441 2126 νῦν
465 2072 618 2138 αὐτῆς
653 2066 999 2141 τυραννεύει.”
1084 2072 1146 2122 Οἱ
1180 2072 1273 2137 μὲν
1299 2068 1361 2137 δὴ
1387 2072 1473 2137 μίν
1498 2074 1636 2139 φασι
1654 2088 1679 2131 5

65 2156 220 2207 τοῦτο
247 2149 550 2207 ἀκούσαντα,
574 2150 654 2201 καὶ
681 2147 980 2218 ἀλγήσαντα
1006 2149 1077 2219 τῷ
1103 2147 1300 2205 ὀνείδεῖ,
1330 2146 1637 2214 ἐπιθυμῆσαι

63 2232 160 2285 οὐκ
195 2225 327 2282 οὕτω
361 2230 450 2281 τὸν
485 2224 692 2281 εἴπαντα
726 2228 884 2279 ταῦτα
918 2224 1183 2289 τίσασθαι,
1212 2224 1281 2279 ὧς
1306 2226 1638 2295 Πολυκράτεα

61 2311 266 2365 πάντως
292 2305 566 2365 ἀπολέσαι,
596 2304 660 2358 δι’
699 2302 758 2357 ὅν
791 2324 902 2355 τινα
938 2307 1099 2357 κακῶς
1124 2304 1331 2369 ἤκουσε.
1575 2304 1637 2355 Οἱ
1660 2299 1769 2355 121

38 2389 120 2455 ,δὲ
166 2386 450 2439 ἐλάσσονες
486 2383 724 2453 λέγουσι,
752 2379 956 2448 πέμψαι
980 2378 1215 2449 Ὀροίτεα
1254 2380 1307 2434 ἐς
1342 2380 1511 2448 Σάμον
1548 2379 1635 2449 κή-

57 2484 213 2539 ρυκα,
258 2462 374 2516 ὅτευ
419 2462 482 2529 δὴ
527 2458 786 2531 χρήματος
831 2458 1155 2525 δεησόμενον·
1217 2457 1277 2509 οὗ
1317 2457 1418 2528 γὰρ
1464 2457 1541 2532 ὧν,
1576 2460 1638 2527 δὴ

59 2544 220 2609 τοῦτό
253 2562 315 2613 γε
348 2539 572 2611 λέγεται·
616 2539 698 2603 καὶ
732 2537 821 2589 τὸν
845 2536 1179 2606 Πολυκράτεα
1212 2537 1385 2605 τυχεῖν
1410 2537 1637 2591 κατακεί-
