1975 2892
554 106 649 151 KA
664 106 941 155 ΕῙΩ.--Ῑ.
978 119 1213 173 174-179.
1600 107 1672 165 97

69 164 137 203 01.
160 164 230 204 58.
248 164 386 204 3-60.
406 166 465 213 8.]

75 237 193 277 σαι,
226 218 312 269 καὶ
348 216 480 271 οὕτω
515 221 887 292 περιεγένοντο.
943 226 1035 293 τὴν
1069 228 1163 297 μὲν
1199 229 1260 298 δὴ
1287 232 1486 287 Ξάνθον
1511 231 1672 292 οὕτως
1692 244 1718 282 ⁴

73 296 216 391 {exe
264 298 294 347 6
333 294 613 367 Ἅρπαγος.
678 305 1053 371 παραπλησίως
1099 307 1156 361 δὲ
1207 309 1290 365 καὶ
1336 311 1428 378 τὴν
1473 316 1673 369 Καυνον

72 394 233 503 εἶχε.
292 374 378 428 καὶ
409 377 511 446 γὰρ
544 378 595 429 οἱ
623 376 828 434 Καύνιοι
862 381 983 437 τοὺς
1009 383 1225 440 Λυκίους
1261 387 1573 457 ἐμιμήσαντο
1604 393 1671 446 τὰ

72 473 115 504 π
156 473 249 503 εω.

177 529 257 581 Τὰ
306 529 400 597 μέν
442 554 529 585 νυν
570 534 703 587 κάτω
745 537 834 604 τῆς
878 534 1060 606 Ἀσίης
1103 537 1368 609 Ἀ’ρπαγος
1409 540 1668 597 ἀνάστατα
1695 532 1802 596 177

74 607 272 660 ἐποίεε·
316 607 381 659 τὰ
407 607 533 661 δὲ’
498 629 600 659 ανω
636 608 790 675 αὐτῆς
825 608 976 663 αὐτὸς
1005 612 1188 681 Κῦρος,
1217 614 1320 665 πᾶν
1345 612 1490 670 ἔθνος
1514 635 1665 670 κατα·

74 678 455 755 στρεφόμενος,
478 687 560 737 καὶ
587 685 735 739 οὗδεν
753 688 967 757 παριείς.
1010 689 1076 741 τὰ
1100 688 1194 757 μέν
1218 711 1307 745 νυν
1331 692 1498 746 αὐτῶν
1522 694 1666 747 πλέω
1689 709 1714 749 2

72 762 403 833 παρήσομεν·
452 764 515 816 τὰ
552 764 612 817 δέ
643 765 693 817 οἶ
718 767 962 864 παρέσχε
990 770 1150 821 πόνον
1190 788 1246 821 τε
1285 772 1554 833 πλεῖστον,
1583 774 1667 827 καὶ

72 842 581 910 αξιαπηγητότατά’
553 864 686 903 εστι,
716 840 908 897 τούτων
934 843 1293 914 ἐπιμνήσομαι.

174 924 342 981 Κῦρος
396 914 508 967 ἐπεί
558 936 614 968 τε
666 916 731 968 τὰ
774 917 939 970 πάντα
989 920 1080 985 τῆς
1131 917 1342 990 ἠπείρου
1394 921 1663 994 ὑποχείρια
1692 923 1807 985 178

75 994 385 1063 ἐποιήσατο,
414 993 749 1065 Ἀσσυρίοισι
789 996 1068 1049 ἐπετίθετο.
1151 998 1252 1063 Τῆς
1292 997 1348 1049 δε
1383 996 1665 1071 Ἀσσυρίης
1687 1018 1714 1059 2

76 1074 201 1127 ἐστὶ
229 1076 295 1127 τὰ
318 1074 411 1140 μέν
438 1094 528 1125 κου
554 1074 636 1127 καὶ
661 1072 801 1126 ἅλλα
825 1074 1126 1141 πολίσματα
1147 1076 1352 1145 μεγάλα
1375 1078 1570 1130 πολλά·
1604 1079 1666 1131 τὸ

76 1154 139 1206 δὲ
168 1152 584 1219 ὀνομαστότατον
608 1152 691 1204 καὶ
718 1151 1079 1223 ἰσχυρότατον,
1109 1153 1192 1205 καὶ
1219 1153 1338 1206 ἔνθα
1365 1156 1487 1223 σφι,
1507 1155 1666 1209 Νίνου

76 1232 377 1285 ἀναστάτου
402 1230 689 1300 γενομένης,
708 1230 771 1282 τὰ
794 1230 1050 1299 βασιλήῖα
1077 1229 1397 1300 κατεστήκεε,
1415 1230 1476 1299 ἦν
1493 1237 1662 1299 Βαβυ-

76 1311 211 1363 λών·
273 1307 437 1361 ἐοῦσα
480 1305 685 1376 τοιαύτη
733 1306 794 1376 δή
838 1331 932 1365 τις.
1002 1312 1155 1365 πόλις
1196 1312 1360 1365 κέεται
1406 1310 1462 1363 ἐν
1506 1312 1664 1385 πεδίῳ
1685 1332 1711 1372 8

78 1388 315 1459 μεγάλῳ,
359 1386 581 1457 μέγαθος
622 1385 783 1441 ἐοῦσα
826 1388 1063 1455 μέτωπον
1110 1387 1328 1441 ἕκαστον
1374 1385 1539 1441 εἴκοσι
1585 1392 1666 1442 καὶ

78 1468 267 1519 ἑκατὸν
296 1466 535 1525 σταδίων,
564 1462 753 1533 ἐούσης
787 1469 1124 1537 τετραγώνου·
1171 1464 1312 1518 οὗτοι
1349 1467 1551 1519 στάδιοι
1576 1469 1667 1535 τῆς

79 1544 329 1615 περιόδου
374 1546 464 1612 τῆς
507 1546 691 1599 πόλιος
740 1544 968 1615 γίνονται
1017 1544 1332 1598 συνάπαντες
1375 1544 1667 1614 ὀγδώκοντα

78 1623 170 1677 καὶ
195 1624 537 1692 τετρακόσιοι.
592 1623 651 1675 τὸ
676 1622 770 1690 μέν
794 1644 884 1679 νυν
908 1622 1131 1693 μέγαθος
1155 1623 1409 1675 τοσοῦτόν
1430 1620 1548 1675 ,ε’στι
1574 1627 1666 1678 τοῦ
1686 1646 1712 1686 4

82 1702 277 1756 ἄστεος
302 1703 393 1753 τοῦ
421 1701 769 1765 Βαβυλωνίου.
826 1701 1135 1769 ἐκεκόσμητο
1171 1700 1228 1753 δὲ
1265 1701 1332 1755 ὧς
1358 1700 1505 1753 οὐδὲν
1531 1701 1667 1755 ἄλλο

82 1782 325 1847 πόλισμα
350 1784 450 1831 τῶν
475 1778 615 1848 ἡμεῖς
640 1776 799 1848 ἴδμεν.
849 1779 1050 1850 τάφρος
1073 1779 1166 1847 μὲν
1191 1781 1368 1850 πρῶτά
1392 1800 1479 1847 μιν
1502 1781 1666 1845 βαθέα
1684 1798 1709 1838 3

82 1880 144 1911 τε
174 1857 256 1911 καὶ
282 1856 429 1926 εὐρέα
454 1859 535 1911 καὶ
570 1858 703 1925 πλέη
740 1855 923 1914 ὕδατος
957 1858 1197 1929 περιθέει·
1238 1860 1368 1927 μετὰ
1393 1859 1466 1919 δέ,
1496 1861 1667 1931 τεῖχος

83 1934 399 2003 πεντήκοντα
430 1936 525 2005 μὲν
557 1936 762 2005 πηχέων
794 1932 1087 2004 βασιληίων
1123 1938 1205 1991 ἐὸν
1240 1939 1298 1991 τὸ
1333 1935 1497 2008 εὖρος,
1528 1936 1667 2009 ὕψος

86 2016 167 2074 δὲ,
196 2014 470 2081 διηκοσίων
502 2015 725 2083 πηχέων.
780 2017 809 2068 ὁ
846 2015 901 2068 δὲ
934 2015 1213 2083 βασιλήῖος
1245 2018 1413 2086 πῆχυς
1446 2020 1539 2070 τοῦ
1573 2038 1662 2084 με·
1686 2027 1712 2067 6

86 2093 237 2163 τρίου
265 2094 379 2146 ἐστὶ
413 2091 605 2161 πήχεος
638 2093 803 2161 μέζων
837 2095 979 2163 τρισὶ
1015 2092 1335 2148 δακτύλοισι.
1576 2097 1667 2147 Δεῖ
1693 2090 1802 2150 179

88 2170 155 2239 δή
195 2194 260 2240 με
296 2174 424 2242 πρὸς
463 2169 695 2225 τούτοισι
735 2172 1040 2241 ἐπιφράσαι,
1069 2168 1148 2223 ἵνα
1175 2193 1231 2224 τε
1267 2172 1322 2224 ἐκ
1348 2174 1438 2239 τῆς
1465 2172 1667 2241 τάφρου

87 2249 121 2317 ἡ
150 2252 217 2320 γῆ
244 2250 576 2318 ἀναισιμώθη,
608 2251 689 2303 καὶ
714 2251 774 2303 τὸ
800 2252 971 2318 τεῖχος
999 2248 1168 2303 ὅντινα
1203 2250 1663 2320 τρόπονέργαστο.

88 2325 407 2399 ὀρύσσοντες
432 2329 534 2397 ἅμα
568 2327 660 2396 τὴν
685 2329 905 2398 τάφρον,
935 2326 1234 2381 ἐπλίνθευον
1260 2326 1350 2393 τὴν
1375 2329 1471 2397 γῆν
1497 2326 1588 2392 τὴν
1615 2326 1668 2379 ἐκ
1689 2339 1716 2381 2

89 2410 187 2461 τοῦ
228 2404 511 2478 ὅρι’νγματος
556 2406 917 2476 ἐκφερομένην·
977 2402 1286 2457 ἑλκύσαντες
1326 2405 1382 2457 δὲ
1423 2404 1670 2458 πλίνθους

92 2486 282 2543 ἱκανὰς,
310 2484 555 2552 ὤπτησαν
578 2486 733 2540 αὐτὰς
768 2484 823 2537 ἐν
858 2482 1137 2552 καμίνοισι.
1189 2482 1319 2549 μετὰ
1355 2482 1428 2540 δὲ,
1456 2482 1669 2548 τέλματι
1693 2494 1718 2535 8

88 2565 374 2635 χρεώμενοι
412 2565 673 2635 ἀσφάλτῳ
712 2562 892 2632 θερμῇ,
935 2561 1018 2615 καὶ
1064 2561 1148 2615 διὰ
1193 2557 1460 2630 τριήκοντα
1505 2560 1674 2628 δόμων

149 2654 251 2685 τοι.
268 2655 299 2686 1.
862 2653 905 2690 u
