1975 2892
97 92 180 132 οἱ.
200 93 273 132 65·
293 91 358 141 4-]
481 29 1394 92 MEAHOMENH·-1v·4.3-45·
1609 23 1723 78 327

102 147 329 200 πλώειν
358 144 566 211 Λιβύην.
608 147 734 214 μετὰ
755 146 810 198 δὲ
836 145 1046 202 τούτους
1062 147 1503 218 περιπλώσαντας,
1522 144 1714 199 Ἰνδούς
1735 165 1762 206 ⁸

106 245 176 276 τε
200 223 605 292 κατεστρέψατο
627 227 854 294 Δαρεῖος,
878 225 958 276 καὶ
979 229 1041 292 τῇ
1062 225 1305 292 θαλάσσῃ
1326 223 1481 290 ταύτῃ
1504 224 1710 293 ἐχρᾶτο.

109 299 264 354 οὕτω
295 301 380 354 καὶ
407 303 496 369 τῆς
519 300 697 367 Ἀσίης
723 302 860 369 πλὴν
884 303 949 354 τὰ
972 305 1103 372 πρὸς
1128 299 1299 370 ἧέλιον
1325 301 1621 370 ἀνίσχοντα,
1651 301 1713 352 τὰ
1736 317 1762 358 4

112 379 272 432 ἄλλα
301 376 568 446 ἀνεύρηται
595 381 742 446 ὁμοῖα
765 381 1085 450 παρεχομένη
1112 386 1174 448 τῇ
1201 378 1382 446 Λιβύῃ.
1559 379 1629 432 ‘H
1658 379 1714 432 δὲ
1738 382 1813 434 45

116 457 186 524 δὴ
246 457 471 527 Εὐρώπη
511 459 640 526 πρὸς
678 458 911 526 οὐδαμῶν
949 455 1145 528 φανερή
1187 457 1302 512 ἔστι
1346 457 1711 527 γινωσκομένη,

117 537 250 588 οὔτε
278 536 346 588 τὰ
372 537 499 605 πρὸς
525 531 705 602 ἠέλιον
730 536 1099 597 ἀνατέλλοντα,
1128 540 1246 589 οὔτε
1270 537 1337 588 τὰ
1368 537 1497 606 πρὸς
1530 537 1711 604 βορῆν,

121 613 172 665 εἷ
199 612 510 683 περίρρυτός
529 613 664 666 ε’στι·
706 611 854 681 μήκεῖ
871 615 928 668 δὲ
951 615 1256 683 γινώσκεται
1280 613 1397 681 παρ’
1421 610 1715 683 ἀμφοτέρας

121 689 457 761 παρήκουσα.
502 691 620 744 Οὐδ’
649 693 752 760 ἔχω
781 691 1163 760 συμβαλέσθαι,
1192 691 1270 746 ἔπ’
1299 691 1414 744 ὅτευ
1440 694 1529 759 μιῇ
1554 689 1713 758 εὀὐσῃ
1736 707 1763 747 2

123 771 196 840 γῇ
225 769 482 837 οὐνόματα
508 771 762 840 τριφάσια
797 769 976 830 κέεται,
1006 769 1292 838 ἐπωνυμίας
1326 771 1511 838 ἔχοντα
1540 789 1713 839 γυναι-

128 853 252 908 κῶν,
285 848 369 900 καὶ
395 846 681 917 οὐρίσματα
708 847 832 916 αὐτῇ
870 851 1059 904 Νεῖλός
1084 871 1141 902 τε
1176 852 1205 902 ὁ
1240 847 1519 919 Αἶγύπτιος
1551 869 1711 901 ποτα-

128 928 228 994 μὸς
257 924 426 993 ε’τέθη,
456 927 537 978 καὶ
573 927 735 980 Φάσις
761 929 789 979 ὁ
819 928 1043 995 Κόλχος·
1090 925 1168 998 (οἱ
1195 927 1251 980 δὲ
1280 928 1461 979 Τάναῖν
1486 927 1716 994 ποταμὸν

131 997 236 1057 τὸν
251 1002 484 1070 Μαιήτην
509 1007 590 1057 καὶ
624 1003 892 1074 Πορθμὴῒα
918 1005 981 1056 τὰ
1018 1003 1267 1074 Κιμμέρια
1290 1002 1556 1076 λέγουσι’)
1598 1005 1715 1057 οὐδὲ

133 1087 238 1134 τῶν
257 1083 626 1151 διουρισάντων
643 1083 708 1134 τὰ
727 1083 979 1150 οὐνόματα
1004 1081 1279 1143 πυθέσθαι,
1299 1084 1380 1135 καὶ
1400 1082 1517 1135 ὅθεν
1542 1082 1713 1135 ἔθεντο

135 1161 228 1215 τὰς
254 1159 560 1227 ἐπωνυμίας.
603 1159 632 1227 ἡ
655 1160 715 1228 δὴ
742 1161 841 1229 γὰρ
869 1159 1033 1227 Λιβῦη
1060 1162 1154 1230 μὲν
1178 1159 1265 1214 ἐπὶ
1292 1157 1485 1228 Λιβῦης
1509 1159 1714 1231 λέγεται
1737 1176 1764 1216 8

135 1239 237 1292 ὑπὸ
290 1243 392 1292 τῶν
429 1240 642 1292 πολλῶν
679 1237 944 1306 Ἑλλήνων
983 1239 1121 1308 ἔχειν
1157 1241 1217 1292 τὸ
1258 1241 1447 1306 οὔνομα
1482 1239 1717 1308 γυναικὸς

139 1317 466 1386 αὐτόχθονος·
524 1315 553 1384 ἡ
596 1317 652 1370 δὲ
690 1315 842 1383 Ἀσίη
883 1316 972 1370 ε’πὶ
1010 1319 1101 1384 τῆς
1146 1315 1446 1387 Προμηθέος
1482 1317 1718 1386 γυναικὸς

141 1395 234 1461 τὴν
270 1395 572 1462 ἐπωνυμίην.
637 1395 718 1447 καὶ
757 1391 944 1446 τούτου
981 1395 1075 1462 μὲν
1112 1395 1587 1462 μεταλαμβάνονται
1626 1396 1716 1444 τοῦ
1738 1407 1764 1448 4

39 1512 47 1521 .
144 1474 417 1542 οὐνόματος
453 1474 624 1532 Λυδοὶ,
656 1474 874 1542 φάμενοι
901 1472 986 1526 ε’πὶ
1020 1471 1227 1533 Ἀσίεω,
1256 1475 1349 1524 τοῦ
1386 1474 1597 1531 Κότυος,
1626 1473 1718 1522 τοῦ

147 1553 343 1612 Μάνεω,
373 1551 653 1618 κεκλῆσθαι
687 1551 778 1618 τὴν
813 1552 1011 1617 Ἀσίην,
1041 1550 1159 1603 ἀλλ’
1214 1551 1305 1602 οὐκ
1339 1548 1426 1603 ἐπὶ
1452 1551 1541 1617 τῆς
1576 1557 1715 1617 Προ-

147 1628 325 1698 μηθέος
365 1628 562 1696 Ἀσίης·
631 1628 718 1682 ἀπ’
766 1627 882 1682 ὅτευ
926 1629 1009 1681 καὶ
1054 1628 1145 1695 τὴν
1186 1627 1242 1681 έν
1288 1629 1503 1697 Σάρδισι
1544 1626 1719 1696 φυλὴν

149 1707 422 1776 κεκλῆσθαι
446 1706 683 1760 Ἀσιάδα.
765 1705 833 1759 Ἦ
871 1708 927 1759 δὲ
965 1706 1025 1774 δὴ
1063 1707 1281 1777 Εὐρώπη
1317 1708 1435 1758 οὔτε
1469 1704 1515 1757 εἰ
1540 1703 1715 1774 περίρ-
1738 1719 1763 1758 δ

149 1789 294 1856 ρυτός
331 1785 449 1838 ἔστι
486 1787 790 1856 γινώσκεται
828 1786 957 1855 πρὸς
998 1785 1231 1852 οὐδαμῶν
1264 1784 1559 1854 ἀνθρώπων·
1603 1785 1722 1834 οὔτε

154 1865 322 1917 ὁκόθεν
345 1865 404 1916 τὸ
432 1866 621 1931 οὔνομα
645 1863 812 1926 ἔλαβε
837 1867 1009 1924 τοῦτο,
1038 1866 1154 1916 οὔτε
1181 1861 1327 1918 ὅστις
1352 1863 1403 1914 οἱ
1428 1859 1490 1928 ἦν
1515 1863 1545 1915 ὁ
1571 1859 1719 1928 θέμε-

155 1963 234 1998 νος
257 1942 503 2011 φαίνεται·
549 1941 595 1994 εἷ
628 1940 695 2009 μὴ
723 1941 824 1994 άπὸ
859 1944 949 2009 τῆς
983 1941 1166 2011 Τυρίης
1202 1939 1441 2010 φήσομεν
1476 1939 1723 2010 Εὐρώπης

135 2023 326 2084 ’λαβεῖν
352 2020 410 2071 τὸ
443 2021 632 2087 οὔνομα
663 2019 756 2086 τὴν
786 2020 976 2090 χώρην,
1008 2023 1257 2089 πρότερον
1290 2020 1346 2072 δὲ
1372 2016 1435 2085 ἦν
1464 2018 1564 2088 ἄρα
1590 2018 1721 2070 ἀνώ-

159 2120 316 2166 νυμος,
343 2098 519 2166 ὥσπερ
547 2099 598 2150 αἶ
636 2095 820 2167 ἕτεραι.
863 2096 980 2149 ἀλλ’
1010 2094 1133 2163 αὕτη
1168 2119 1231 2167 γε
1264 2096 1322 2150 έκ
1348 2098 1440 2164 τῆς
1461 2095 1641 2161 Ἀσίης
1666 2107 1765 2147 τεο

161 2177 380 2246 φαίνεται
406 2175 586 2234 ἐοῦσα,
617 2176 697 2227 καὶ
725 2175 817 2226 οὐκ
842 2172 1117 2242 ἀπικομένη
1145 2174 1198 2228 ἔς
1224 2174 1315 2242 τὴν
1338 2176 1435 2244 γῆν
1464 2171 1668 2238 ταύτην,
1691 2171 1726 2238 ἥ

162 2275 234 2308 τις
265 2257 344 2306 νῦν
379 2253 478 2307 ὐπὸ
519 2251 786 2319 Ἑλλήνων
821 2253 1039 2322 Εὐρώπη
1076 2250 1327 2311 καλέεται,
1356 2249 1477 2303 ἀλλ’
1506 2249 1635 2302 ὅσον
1669 2252 1725 2300 ἐκ

165 2331 376 2396 Φοινίκης
410 2331 464 2386 ἐς
500 2329 718 2402 Κρῆτην,
758 2330 816 2383 ἐκ
853 2329 1053 2399 Κρήτης
1092 2330 1149 2382 δὲ
1184 2328 1237 2386 ἔς
1273 2330 1476 2395 Λυκίην.
1558 2330 1764 2380 Ταῦταῖ

166 2409 248 2478 μέν
272 2431 352 2464 νυν
377 2409 461 2464 ἐπὶ
488 2413 740 2464 τοσοῦτον
767 2407 1009 2480 εἰρήσθω·
1053 2410 1194 2460 τοῖσι
1223 2407 1324 2479 γὰρ
1350 2404 1724 2475 νομιζομένοισι

168 2489 314 2542 αὐτῶν
336 2486 656 2560 χρησόμεθα.
