<?xml version="1.0" encoding="UTF-8"?>
<!DOCTYPE html PUBLIC "-//W3C//DTD XHTML 1.0 Transitional//EN"
    "http://www.w3.org/TR/xhtml1/DTD/xhtml1-transitional.dtd">
<html xmlns="http://www.w3.org/1999/xhtml" xml:lang="en" lang="en">
 <head>
  <title>
</title>
<meta http-equiv="Content-Type" content="text/html;charset=utf-8" />
  <meta name='ocr-system' content='tesseract 3.04.00' />
  <meta name='ocr-capabilities' content='ocr_page ocr_carea ocr_par ocr_line ocrx_word'/>
</head>
<body>
  <div class='ocr_page' id='page_1' title='image "./herodotihistori00westgoog_0439.png"; bbox 0 0 1975 2892; ppageno 0'>
   <div class='ocr_carea' id='block_1_1' title="bbox 177 129 1806 326">
    <p class='ocr_par' dir='ltr' id='par_1_1' title="bbox 177 129 1806 326">
     <span class='ocr_line' id='line_1_1' title="bbox 477 129 1757 197; baseline -0.004 -10"><span class='ocrx_word' id='word_1_1' title='bbox 477 139 1179 188; x_wconf 83' lang='lat' dir='ltr'>MEAHOMENH.—1V.</span> <span class='ocrx_word' id='word_1_2' title='bbox 1217 145 1443 197; x_wconf 81' lang='lat'><strong>195-200.</strong></span> <span class='ocrx_word' id='word_1_3' title='bbox 1644 129 1757 182; x_wconf 80' lang='grc'>895</span> 
     </span>
     <span class='ocr_line' id='line_1_2' title="bbox 177 203 1806 326; baseline 0.001 -17"><span class='ocrx_word' id='word_1_4' title='bbox 177 207 242 309; x_wconf 56' lang='grc' dir='ltr'>εί.</span> <span class='ocrx_word' id='word_1_5' title='bbox 259 203 512 309; x_wconf 45' lang='grc' dir='ltr'>Βνεύιῗᾶοῧτιε</span> <span class='ocrx_word' id='word_1_6' title='bbox 545 258 663 308; x_wconf 83' lang='grc' dir='ltr'>τότε</span> <span class='ocrx_word' id='word_1_7' title='bbox 697 255 1004 326; x_wconf 75' lang='grc' dir='ltr'>ἐφρόντιζον</span> <span class='ocrx_word' id='word_1_8' title='bbox 1030 255 1195 310; x_wconf 84' lang='grc' dir='ltr'>οὐδέν.</span> <span class='ocrx_word' id='word_1_9' title='bbox 1278 259 1448 310; x_wconf 89' lang='grc' dir='ltr'>Τόσον</span> <span class='ocrx_word' id='word_1_10' title='bbox 1474 257 1529 310; x_wconf 77' lang='grc' dir='ltr'>δὲ</span> <span class='ocrx_word' id='word_1_11' title='bbox 1556 257 1631 309; x_wconf 75' lang='grc' dir='ltr'>ἔτι</span> <span class='ocrx_word' id='word_1_12' title='bbox 1658 257 1759 326; x_wconf 69' lang='grc' dir='ltr'>ἔχω</span> <span class='ocrx_word' id='word_1_13' title='bbox 1780 277 1806 317; x_wconf 74' lang='lat'>2</span> 
     </span>
    </p>
   </div>
   <div class='ocr_carea' id='block_1_2' title="bbox 170 332 1895 2670">
    <p class='ocr_par' dir='ltr' id='par_1_2' title="bbox 170 332 1895 2590">
     <span class='ocr_line' id='line_1_3' title="bbox 180 332 1759 404; baseline 0.001 -18"><span class='ocrx_word' id='word_1_14' title='bbox 180 332 340 387; x_wconf 70' lang='grc' dir='ltr'>εἰπεῖν</span> <span class='ocrx_word' id='word_1_15' title='bbox 358 334 476 404; x_wconf 84' lang='grc' dir='ltr'>περὶ</span> <span class='ocrx_word' id='word_1_16' title='bbox 501 335 590 400; x_wconf 80' lang='grc' dir='ltr'>τῆς</span> <span class='ocrx_word' id='word_1_17' title='bbox 616 336 787 404; x_wconf 82' lang='grc' dir='ltr'>χώρης</span> <span class='ocrx_word' id='word_1_18' title='bbox 813 333 1014 401; x_wconf 86' lang='grc' dir='ltr'>ταύτης,</span> <span class='ocrx_word' id='word_1_19' title='bbox 1034 334 1113 386; x_wconf 83' lang='grc' dir='ltr'>ὅτι</span> <span class='ocrx_word' id='word_1_20' title='bbox 1140 334 1365 404; x_wconf 77' lang='grc' dir='ltr'>τέσσερα</span> <span class='ocrx_word' id='word_1_21' title='bbox 1392 334 1537 388; x_wconf 81' lang='grc' dir='ltr'>ἔθνεα</span> <span class='ocrx_word' id='word_1_22' title='bbox 1564 335 1759 403; x_wconf 77' lang='grc' dir='ltr'>νέμεται</span> 
     </span>
     <span class='ocr_line' id='line_1_4' title="bbox 179 410 1760 481; baseline 0.001 -17"><span class='ocrx_word' id='word_1_23' title='bbox 179 412 352 480; x_wconf 80' lang='grc' dir='ltr'>αὐτὴν,</span> <span class='ocrx_word' id='word_1_24' title='bbox 384 413 466 464; x_wconf 81' lang='grc' dir='ltr'>καὶ</span> <span class='ocrx_word' id='word_1_25' title='bbox 505 412 566 464; x_wconf 88' lang='grc' dir='ltr'>οὐ</span> <span class='ocrx_word' id='word_1_26' title='bbox 605 413 749 465; x_wconf 84' lang='grc' dir='ltr'>πλέω</span> <span class='ocrx_word' id='word_1_27' title='bbox 788 411 1000 472; x_wconf 85' lang='grc' dir='ltr'>τούτων,</span> <span class='ocrx_word' id='word_1_28' title='bbox 1031 412 1160 466; x_wconf 83' lang='grc' dir='ltr'>ὅσον</span> <span class='ocrx_word' id='word_1_29' title='bbox 1198 412 1341 480; x_wconf 81' lang='grc' dir='ltr'><strong><em>ἡμεῖς</em></strong></span> <span class='ocrx_word' id='word_1_30' title='bbox 1374 410 1535 481; x_wconf 75' lang='grc' dir='ltr'>ἴδμεν·</span> <span class='ocrx_word' id='word_1_31' title='bbox 1581 415 1663 466; x_wconf 86' lang='grc' dir='ltr'>καὶ</span> <span class='ocrx_word' id='word_1_32' title='bbox 1698 414 1760 465; x_wconf 80' lang='grc' dir='ltr'>τὰ</span> 
     </span>
     <span class='ocr_line' id='line_1_5' title="bbox 178 488 1803 559; baseline 0.002 -17"><span class='ocrx_word' id='word_1_33' title='bbox 178 491 273 559; x_wconf 82' lang='grc' dir='ltr'>μὲν</span> <span class='ocrx_word' id='word_1_34' title='bbox 298 488 390 543; x_wconf 89' lang='grc' dir='ltr'>δύο</span> <span class='ocrx_word' id='word_1_35' title='bbox 417 488 704 558; x_wconf 88' lang='grc' dir='ltr'>αὐτόχθονα</span> <span class='ocrx_word' id='word_1_36' title='bbox 730 495 830 542; x_wconf 79' lang='grc' dir='ltr'>τῶν</span> <span class='ocrx_word' id='word_1_37' title='bbox 856 489 1058 552; x_wconf 78' lang='grc' dir='ltr'>ἐθνέων,</span> <span class='ocrx_word' id='word_1_38' title='bbox 1087 491 1151 544; x_wconf 80' lang='grc' dir='ltr'>τὰ</span> <span class='ocrx_word' id='word_1_39' title='bbox 1188 491 1244 544; x_wconf 79' lang='grc' dir='ltr'>δὲ</span> <span class='ocrx_word' id='word_1_40' title='bbox 1270 489 1381 556; x_wconf 87' lang='grc' dir='ltr'>δύο,</span> <span class='ocrx_word' id='word_1_41' title='bbox 1410 494 1489 544; x_wconf 76' lang='grc' dir='ltr'>οὔ.</span> <span class='ocrx_word' id='word_1_42' title='bbox 1573 491 1759 555; x_wconf 90' lang='grc' dir='ltr'>Λίβυες</span> <span class='ocrx_word' id='word_1_43' title='bbox 1777 510 1803 550; x_wconf 75' lang='grc'><strong>3</strong></span> 
     </span>
     <span class='ocr_line' id='line_1_6' title="bbox 178 567 1760 640; baseline 0.001 -20"><span class='ocrx_word' id='word_1_44' title='bbox 178 569 272 636; x_wconf 75' lang='grc' dir='ltr'>μὲν</span> <span class='ocrx_word' id='word_1_45' title='bbox 298 568 380 620; x_wconf 80' lang='grc' dir='ltr'>καὶ</span> <span class='ocrx_word' id='word_1_46' title='bbox 405 567 664 628; x_wconf 82' lang='grc' dir='ltr'>Αἶθίοπες,</span> <span class='ocrx_word' id='word_1_47' title='bbox 693 567 1018 636; x_wconf 90' lang='grc' dir='ltr'>αὐτόχθονες·</span> <span class='ocrx_word' id='word_1_48' title='bbox 1056 570 1106 621; x_wconf 75' lang='grc' dir='ltr'>οἱ</span> <span class='ocrx_word' id='word_1_49' title='bbox 1132 569 1225 635; x_wconf 76' lang='grc' dir='ltr'>μὲν</span> <span class='ocrx_word' id='word_1_50' title='bbox 1250 569 1312 620; x_wconf 78' lang='grc' dir='ltr'>τὰ</span> <span class='ocrx_word' id='word_1_51' title='bbox 1339 571 1467 640; x_wconf 84' lang='grc' dir='ltr'>πρὸς</span> <span class='ocrx_word' id='word_1_52' title='bbox 1492 569 1681 638; x_wconf 83' lang='grc' dir='ltr'>βορέω,</span> <span class='ocrx_word' id='word_1_53' title='bbox 1710 570 1760 622; x_wconf 76' lang='grc' dir='ltr'>οἱ</span> 
     </span>
     <span class='ocr_line' id='line_1_7' title="bbox 181 646 1762 716; baseline 0.003 -19"><span class='ocrx_word' id='word_1_54' title='bbox 181 646 238 698; x_wconf 76' lang='grc' dir='ltr'>δὲ</span> <span class='ocrx_word' id='word_1_55' title='bbox 265 646 327 698; x_wconf 82' lang='grc' dir='ltr'>τὰ</span> <span class='ocrx_word' id='word_1_56' title='bbox 352 647 482 716; x_wconf 89' lang='grc' dir='ltr'>πρὸς</span> <span class='ocrx_word' id='word_1_57' title='bbox 509 652 658 698; x_wconf 85' lang='grc' dir='ltr'>νότου</span> <span class='ocrx_word' id='word_1_58' title='bbox 685 649 776 714; x_wconf 85' lang='grc' dir='ltr'>τῆς</span> <span class='ocrx_word' id='word_1_59' title='bbox 802 649 996 714; x_wconf 87' lang='grc' dir='ltr'>Λιβύης</span> <span class='ocrx_word' id='word_1_60' title='bbox 1031 646 1297 701; x_wconf 78' lang='grc' dir='ltr'>οἰκέοντες·</span> <span class='ocrx_word' id='word_1_61' title='bbox 1342 647 1569 702; x_wconf 76' lang='grc' dir='ltr'>Φοίνικες</span> <span class='ocrx_word' id='word_1_62' title='bbox 1595 647 1651 700; x_wconf 75' lang='grc' dir='ltr'>δὲ</span> <span class='ocrx_word' id='word_1_63' title='bbox 1679 648 1762 701; x_wconf 75' lang='grc' dir='ltr'>καὶ</span> 
     </span>
     <span class='ocr_line' id='line_1_8' title="bbox 170 721 1895 795; baseline 0.003 -19"><span class='ocrx_word' id='word_1_64' title='bbox 170 721 443 790; x_wconf 80' lang='grc' dir='ltr'>Ἕλληνες,</span> <span class='ocrx_word' id='word_1_65' title='bbox 482 722 753 791; x_wconf 79' lang='grc' dir='ltr'>ἐπῆλυδες.</span> <span class='ocrx_word' id='word_1_66' title='bbox 999 725 1177 778; x_wconf 86' lang='grc' dir='ltr'>Δοκέει</span> <span class='ocrx_word' id='word_1_67' title='bbox 1214 726 1271 777; x_wconf 88' lang='grc' dir='ltr'>δέ</span> <span class='ocrx_word' id='word_1_68' title='bbox 1309 746 1397 792; x_wconf 88' lang='grc' dir='ltr'>μοι</span> <span class='ocrx_word' id='word_1_69' title='bbox 1433 724 1539 778; x_wconf 73' lang='grc' dir='ltr'>οὐδ’</span> <span class='ocrx_word' id='word_1_70' title='bbox 1574 725 1759 795; x_wconf 81' lang='grc' dir='ltr'>ἀρετὴν</span> <span class='ocrx_word' id='word_1_71' title='bbox 1784 728 1895 781; x_wconf 84' lang='grc'>198</span> 
     </span>
     <span class='ocr_line' id='line_1_9' title="bbox 179 797 1757 872; baseline 0 -18"><span class='ocrx_word' id='word_1_72' title='bbox 179 797 308 854; x_wconf 84' lang='grc' dir='ltr'>εἶναί</span> <span class='ocrx_word' id='word_1_73' title='bbox 345 822 424 856; x_wconf 86' lang='grc' dir='ltr'>τις</span> <span class='ocrx_word' id='word_1_74' title='bbox 462 801 492 868; x_wconf 82' lang='grc' dir='ltr'><strong><em>ἦ</em></strong></span> <span class='ocrx_word' id='word_1_75' title='bbox 527 801 691 870; x_wconf 89' lang='grc' dir='ltr'>Λιβύη</span> <span class='ocrx_word' id='word_1_76' title='bbox 735 803 1007 869; x_wconf 81' lang='grc' dir='ltr'>σπουδαίη,</span> <span class='ocrx_word' id='word_1_77' title='bbox 1038 804 1175 856; x_wconf 80' lang='grc' dir='ltr'>ὥστε</span> <span class='ocrx_word' id='word_1_78' title='bbox 1214 801 1245 871; x_wconf 79' lang='grc' dir='ltr'>ἦ</span> <span class='ocrx_word' id='word_1_79' title='bbox 1272 803 1425 871; x_wconf 84' lang='grc' dir='ltr'>Ἀσίῃ</span> <span class='ocrx_word' id='word_1_80' title='bbox 1466 801 1497 871; x_wconf 79' lang='grc' dir='ltr'>ἦ</span> <span class='ocrx_word' id='word_1_81' title='bbox 1540 803 1757 872; x_wconf 78' lang='grc' dir='ltr'>Εὐρώπῃ</span> 
     </span>
     <span class='ocr_line' id='line_1_10' title="bbox 177 880 1757 978; baseline -0.001 -45"><span class='ocrx_word' id='word_1_82' title='bbox 177 880 587 949; x_wconf 81' lang='grc' dir='ltr'>παραβληθῆναι,</span> <span class='ocrx_word' id='word_1_83' title='bbox 615 881 754 948; x_wconf 85' lang='grc' dir='ltr'>πλὴν</span> <span class='ocrx_word' id='word_1_84' title='bbox 789 883 1013 936; x_wconf 75' lang='grc' dir='ltr'>Κίνυπος</span> <span class='ocrx_word' id='word_1_85' title='bbox 1050 884 1259 949; x_wconf 89' lang='grc' dir='ltr'>μούνης·</span> <span class='ocrx_word' id='word_1_86' title='bbox 1303 883 1363 934; x_wconf 84' lang='grc' dir='ltr'>τὸ</span> <span class='ocrx_word' id='word_1_87' title='bbox 1397 882 1500 952; x_wconf 79' lang='grc' dir='ltr'>γὰρ</span> <span class='ocrx_word' id='word_1_88' title='bbox 1516 881 1599 978; x_wconf 35' lang='grc' dir='ltr'>’δὴ</span> <span class='ocrx_word' id='word_1_89' title='bbox 1634 881 1757 933; x_wconf 84' lang='grc' dir='ltr'>αὐτὸ</span> 
     </span>
     <span class='ocr_line' id='line_1_11' title="bbox 178 957 1801 1033; baseline 0.002 -24"><span class='ocrx_word' id='word_1_90' title='bbox 178 960 370 1025; x_wconf 80' lang='grc' dir='ltr'>οὔνομα</span> <span class='ocrx_word' id='word_1_91' title='bbox 395 957 425 1024; x_wconf 83' lang='grc' dir='ltr'><em>ἡ</em></span> <span class='ocrx_word' id='word_1_92' title='bbox 451 961 518 1028; x_wconf 83' lang='grc' dir='ltr'>γῆ</span> <span class='ocrx_word' id='word_1_93' title='bbox 555 979 626 1030; x_wconf 73' lang='grc' dir='ltr'>τῳ</span> <span class='ocrx_word' id='word_1_94' title='bbox 657 964 868 1033; x_wconf 76' lang='grc' dir='ltr'>ποταμῷ</span> <span class='ocrx_word' id='word_1_95' title='bbox 896 981 1024 1028; x_wconf 89' lang='grc' dir='ltr'>εχει.</span> <span class='ocrx_word' id='word_1_96' title='bbox 1068 957 1193 1026; x_wconf 81' lang='grc' dir='ltr'>αὕτη</span> <span class='ocrx_word' id='word_1_97' title='bbox 1222 959 1277 1012; x_wconf 86' lang='grc' dir='ltr'>δε</span> <span class='ocrx_word' id='word_1_98' title='bbox 1305 959 1451 1028; x_wconf 80' lang='grc' dir='ltr'>ὁμοίη</span> <span class='ocrx_word' id='word_1_99' title='bbox 1480 963 1540 1027; x_wconf 82' lang='grc' dir='ltr'>τῇ</span> <span class='ocrx_word' id='word_1_100' title='bbox 1568 959 1755 1028; x_wconf 77' lang='grc' dir='ltr'>αρίστῃ</span> <span class='ocrx_word' id='word_1_101' title='bbox 1776 973 1801 1013; x_wconf 76' lang='lat'>2</span> 
     </span>
     <span class='ocr_line' id='line_1_12' title="bbox 175 1033 1757 1107; baseline 0 -19"><span class='ocrx_word' id='word_1_102' title='bbox 175 1040 310 1106; x_wconf 84' lang='grc' dir='ltr'>γεῶν</span> <span class='ocrx_word' id='word_1_103' title='bbox 349 1035 617 1106; x_wconf 82' lang='grc' dir='ltr'>Δήμητρος</span> <span class='ocrx_word' id='word_1_104' title='bbox 657 1041 850 1107; x_wconf 89' lang='grc' dir='ltr'>καρπὸν</span> <span class='ocrx_word' id='word_1_105' title='bbox 889 1038 1145 1107; x_wconf 78' lang='grc' dir='ltr'>ἐκφέρειν·</span> <span class='ocrx_word' id='word_1_106' title='bbox 1204 1038 1322 1090; x_wconf 77' lang='grc' dir='ltr'>οὐδὲ</span> <span class='ocrx_word' id='word_1_107' title='bbox 1362 1033 1469 1090; x_wconf 80' lang='grc' dir='ltr'>οἶκε</span> <span class='ocrx_word' id='word_1_108' title='bbox 1508 1037 1655 1089; x_wconf 80' lang='grc' dir='ltr'>οὐδεν</span> <span class='ocrx_word' id='word_1_109' title='bbox 1694 1037 1757 1104; x_wconf 75' lang='grc' dir='ltr'>τῇ</span> 
     </span>
     <span class='ocr_line' id='line_1_13' title="bbox 177 1112 1802 1186; baseline 0.001 -20"><span class='ocrx_word' id='word_1_110' title='bbox 177 1113 316 1181; x_wconf 71' lang='grc' dir='ltr'>ἄλλῃ</span> <span class='ocrx_word' id='word_1_111' title='bbox 371 1113 556 1182; x_wconf 80' lang='grc' dir='ltr'>Λιβύῃ.</span> <span class='ocrx_word' id='word_1_112' title='bbox 619 1117 931 1186; x_wconf 83' lang='grc' dir='ltr'>μελάγγαιός</span> <span class='ocrx_word' id='word_1_113' title='bbox 983 1137 1040 1168; x_wconf 92' lang='grc' dir='ltr'>τε</span> <span class='ocrx_word' id='word_1_114' title='bbox 1084 1117 1185 1184; x_wconf 84' lang='grc' dir='ltr'>γάρ</span> <span class='ocrx_word' id='word_1_115' title='bbox 1232 1112 1364 1174; x_wconf 79' lang='grc' dir='ltr'>ἔστι,</span> <span class='ocrx_word' id='word_1_116' title='bbox 1414 1116 1494 1168; x_wconf 84' lang='grc' dir='ltr'>καὶ</span> <span class='ocrx_word' id='word_1_117' title='bbox 1540 1115 1754 1185; x_wconf 79' lang='grc' dir='ltr'>ἔπυδρος</span> <span class='ocrx_word' id='word_1_118' title='bbox 1776 1127 1802 1167; x_wconf 77' lang='lat'><em>8</em></span> 
     </span>
     <span class='ocr_line' id='line_1_14' title="bbox 175 1191 1753 1265; baseline 0 -20"><span class='ocrx_word' id='word_1_119' title='bbox 175 1191 374 1258; x_wconf 78' lang='grc' dir='ltr'>πίδαξι·</span> <span class='ocrx_word' id='word_1_120' title='bbox 418 1194 500 1245; x_wconf 74' lang='grc' dir='ltr'>καὶ</span> <span class='ocrx_word' id='word_1_121' title='bbox 536 1195 656 1245; x_wconf 80' lang='grc' dir='ltr'>οὔτε</span> <span class='ocrx_word' id='word_1_122' title='bbox 689 1194 891 1262; x_wconf 80' lang='grc' dir='ltr'>αὐχμοῦ</span> <span class='ocrx_word' id='word_1_123' title='bbox 926 1194 1279 1265; x_wconf 72' lang='grc' dir='ltr'>φροντίζουσα</span> <span class='ocrx_word' id='word_1_124' title='bbox 1312 1194 1478 1253; x_wconf 78' lang='grc' dir='ltr'>οὐδὲν,</span> <span class='ocrx_word' id='word_1_125' title='bbox 1508 1197 1625 1246; x_wconf 74' lang='grc' dir='ltr'>οὔτε</span> <span class='ocrx_word' id='word_1_126' title='bbox 1661 1192 1753 1260; x_wconf 78' lang='grc' dir='ltr'>ὄμ-</span> 
     </span>
     <span class='ocr_line' id='line_1_15' title="bbox 175 1269 1757 1342; baseline 0.002 -20"><span class='ocrx_word' id='word_1_127' title='bbox 175 1273 309 1339; x_wconf 84' lang='grc' dir='ltr'>βρον</span> <span class='ocrx_word' id='word_1_128' title='bbox 333 1270 477 1323; x_wconf 84' lang='grc' dir='ltr'>πλέω</span> <span class='ocrx_word' id='word_1_129' title='bbox 503 1275 700 1324; x_wconf 87' lang='grc' dir='ltr'>πιοῦσα</span> <span class='ocrx_word' id='word_1_130' title='bbox 731 1271 1021 1340; x_wconf 80' lang='grc' dir='ltr'>δεδήληται·</span> <span class='ocrx_word' id='word_1_131' title='bbox 1066 1269 1205 1324; x_wconf 77' lang='grc' dir='ltr'>ὕεται</span> <span class='ocrx_word' id='word_1_132' title='bbox 1239 1273 1340 1342; x_wconf 83' lang='grc' dir='ltr'>γὰρ</span> <span class='ocrx_word' id='word_1_133' title='bbox 1378 1272 1439 1340; x_wconf 83' lang='grc' dir='ltr'>δὴ</span> <span class='ocrx_word' id='word_1_134' title='bbox 1476 1275 1635 1323; x_wconf 83' lang='grc' dir='ltr'>ταῦτα</span> <span class='ocrx_word' id='word_1_135' title='bbox 1669 1273 1757 1337; x_wconf 84' lang='grc' dir='ltr'>τῆς</span> 
     </span>
     <span class='ocr_line' id='line_1_16' title="bbox 177 1346 1801 1421; baseline 0.001 -21"><span class='ocrx_word' id='word_1_136' title='bbox 177 1346 390 1415; x_wconf 84' lang='grc' dir='ltr'>Λιβύης.</span> <span class='ocrx_word' id='word_1_137' title='bbox 433 1354 536 1402; x_wconf 82' lang='grc' dir='ltr'>τῶν</span> <span class='ocrx_word' id='word_1_138' title='bbox 563 1349 618 1402; x_wconf 76' lang='grc' dir='ltr'>δὲ</span> <span class='ocrx_word' id='word_1_139' title='bbox 651 1348 912 1421; x_wconf 69' lang='grc' dir='ltr'>ἐκφορίων</span> <span class='ocrx_word' id='word_1_140' title='bbox 945 1354 1039 1402; x_wconf 87' lang='grc' dir='ltr'>τοῦ</span> <span class='ocrx_word' id='word_1_141' title='bbox 1076 1353 1269 1420; x_wconf 84' lang='grc' dir='ltr'>καρποῦ</span> <span class='ocrx_word' id='word_1_142' title='bbox 1303 1350 1463 1402; x_wconf 81' lang='grc' dir='ltr'>ταύτὰ</span> <span class='ocrx_word' id='word_1_143' title='bbox 1496 1350 1655 1418; x_wconf 85' lang='grc' dir='ltr'>μέτρα</span> <span class='ocrx_word' id='word_1_144' title='bbox 1694 1351 1754 1415; x_wconf 82' lang='grc' dir='ltr'>τῇ</span> <span class='ocrx_word' id='word_1_145' title='bbox 1775 1359 1801 1401; x_wconf 66' lang='grc'><strong>4</strong></span> 
     </span>
     <span class='ocr_line' id='line_1_17' title="bbox 179 1426 1753 1498; baseline 0 -20"><span class='ocrx_word' id='word_1_146' title='bbox 179 1427 483 1494; x_wconf 81' lang='grc' dir='ltr'>Βαβυλωνίῃ</span> <span class='ocrx_word' id='word_1_147' title='bbox 508 1432 576 1497; x_wconf 80' lang='grc' dir='ltr'>γῇ</span> <span class='ocrx_word' id='word_1_148' title='bbox 612 1428 926 1480; x_wconf 78' lang='grc' dir='ltr'>κατίσταται.</span> <span class='ocrx_word' id='word_1_149' title='bbox 981 1427 1147 1498; x_wconf 75' lang='grc' dir='ltr'>ἀγαθὴ</span> <span class='ocrx_word' id='word_1_150' title='bbox 1188 1428 1243 1480; x_wconf 78' lang='grc' dir='ltr'>δὲ</span> <span class='ocrx_word' id='word_1_151' title='bbox 1281 1429 1348 1497; x_wconf 85' lang='grc' dir='ltr'>γῆ</span> <span class='ocrx_word' id='word_1_152' title='bbox 1390 1427 1471 1479; x_wconf 77' lang='grc' dir='ltr'>καὶ</span> <span class='ocrx_word' id='word_1_153' title='bbox 1510 1426 1601 1494; x_wconf 85' lang='grc' dir='ltr'>τὴν</span> <span class='ocrx_word' id='word_1_154' title='bbox 1627 1426 1753 1479; x_wconf 84' lang='grc' dir='ltr'>Εὐε-</span> 
     </span>
     <span class='ocr_line' id='line_1_18' title="bbox 179 1503 1753 1576; baseline -0.001 -19"><span class='ocrx_word' id='word_1_155' title='bbox 179 1507 418 1574; x_wconf 78' lang='grc' dir='ltr'>σπερῖται</span> <span class='ocrx_word' id='word_1_156' title='bbox 447 1506 696 1572; x_wconf 86' lang='grc' dir='ltr'>νέμονται·</span> <span class='ocrx_word' id='word_1_157' title='bbox 741 1503 824 1559; x_wconf 78' lang='grc' dir='ltr'>ἔπ’</span> <span class='ocrx_word' id='word_1_158' title='bbox 853 1507 1107 1558; x_wconf 81' lang='grc' dir='ltr'>ἑκατοστὰ</span> <span class='ocrx_word' id='word_1_159' title='bbox 1140 1506 1260 1576; x_wconf 81' lang='grc' dir='ltr'>γὰρ,</span> <span class='ocrx_word' id='word_1_160' title='bbox 1288 1503 1441 1558; x_wconf 80' lang='grc' dir='ltr'>ε’πεὰν</span> <span class='ocrx_word' id='word_1_161' title='bbox 1466 1504 1591 1572; x_wconf 83' lang='grc' dir='ltr'>αὐτὴ</span> <span class='ocrx_word' id='word_1_162' title='bbox 1629 1506 1753 1556; x_wconf 81' lang='grc' dir='ltr'>ἑωυ-</span> 
     </span>
     <span class='ocr_line' id='line_1_19' title="bbox 172 1581 1755 1654; baseline 0.002 -21"><span class='ocrx_word' id='word_1_163' title='bbox 172 1582 268 1649; x_wconf 80' lang='grc' dir='ltr'>τῆς</span> <span class='ocrx_word' id='word_1_164' title='bbox 313 1583 502 1653; x_wconf 76' lang='grc' dir='ltr'>ἄριστα</span> <span class='ocrx_word' id='word_1_165' title='bbox 540 1582 723 1651; x_wconf 80' lang='grc' dir='ltr'>ε’νείκῃ,</span> <span class='ocrx_word' id='word_1_166' title='bbox 764 1581 993 1654; x_wconf 86' lang='grc' dir='ltr'>ε’κφέρει·</span> <span class='ocrx_word' id='word_1_167' title='bbox 1048 1582 1079 1650; x_wconf 85' lang='grc' dir='ltr'><strong><em>ἦ</em></strong></span> <span class='ocrx_word' id='word_1_168' title='bbox 1120 1585 1177 1636; x_wconf 69' lang='grc' dir='ltr'>δὲ</span> <span class='ocrx_word' id='word_1_169' title='bbox 1223 1583 1281 1636; x_wconf 77' lang='grc' dir='ltr'>ἐν</span> <span class='ocrx_word' id='word_1_170' title='bbox 1324 1585 1386 1651; x_wconf 77' lang='grc' dir='ltr'>τῇ</span> <span class='ocrx_word' id='word_1_171' title='bbox 1426 1583 1628 1642; x_wconf 79' lang='grc' dir='ltr'>Κίνυπι,</span> <span class='ocrx_word' id='word_1_172' title='bbox 1670 1582 1755 1636; x_wconf 78' lang='grc' dir='ltr'>ε’πὶ</span> 
     </span>
     <span class='ocr_line' id='line_1_20' title="bbox 175 1659 1891 1732; baseline 0.001 -19"><span class='ocrx_word' id='word_1_173' title='bbox 175 1663 462 1730; x_wconf 84' lang='grc' dir='ltr'>τριηκόσια.</span> <span class='ocrx_word' id='word_1_174' title='bbox 692 1659 847 1730; x_wconf 75' lang='grc' dir='ltr'>’Ἔχει</span> <span class='ocrx_word' id='word_1_175' title='bbox 875 1662 929 1715; x_wconf 75' lang='grc' dir='ltr'>δὲ</span> <span class='ocrx_word' id='word_1_176' title='bbox 959 1662 1040 1715; x_wconf 77' lang='grc' dir='ltr'>καὶ</span> <span class='ocrx_word' id='word_1_177' title='bbox 1068 1660 1097 1728; x_wconf 81' lang='grc' dir='ltr'><strong><em>ἦ</em></strong></span> <span class='ocrx_word' id='word_1_178' title='bbox 1126 1662 1378 1732; x_wconf 83' lang='grc' dir='ltr'>Κυρηναίη</span> <span class='ocrx_word' id='word_1_179' title='bbox 1406 1663 1568 1731; x_wconf 84' lang='grc' dir='ltr'>χώρη,</span> <span class='ocrx_word' id='word_1_180' title='bbox 1595 1660 1757 1714; x_wconf 79' lang='grc' dir='ltr'>ἐοῦσα</span> <span class='ocrx_word' id='word_1_181' title='bbox 1781 1660 1891 1714; x_wconf 88' lang='grc'>199</span> 
     </span>
     <span class='ocr_line' id='line_1_21' title="bbox 175 1738 1753 1808; baseline 0 -17"><span class='ocrx_word' id='word_1_182' title='bbox 175 1738 483 1808; x_wconf 74' lang='grc' dir='ltr'>ὑψηλοτάτη</span> <span class='ocrx_word' id='word_1_183' title='bbox 509 1738 693 1807; x_wconf 88' lang='grc' dir='ltr'>ταύτης</span> <span class='ocrx_word' id='word_1_184' title='bbox 717 1743 808 1808; x_wconf 80' lang='grc' dir='ltr'>τῆς</span> <span class='ocrx_word' id='word_1_185' title='bbox 834 1738 1028 1807; x_wconf 88' lang='grc' dir='ltr'>Λιβύης</span> <span class='ocrx_word' id='word_1_186' title='bbox 1053 1740 1145 1806; x_wconf 81' lang='grc' dir='ltr'>τὴν</span> <span class='ocrx_word' id='word_1_187' title='bbox 1170 1741 1219 1792; x_wconf 76' lang='grc' dir='ltr'>οἱ</span> <span class='ocrx_word' id='word_1_188' title='bbox 1248 1741 1479 1808; x_wconf 69' lang='grc' dir='ltr'>Νομάδες</span> <span class='ocrx_word' id='word_1_189' title='bbox 1506 1739 1753 1806; x_wconf 81' lang='grc' dir='ltr'>νέμονται,</span> 
     </span>
     <span class='ocr_line' id='line_1_22' title="bbox 176 1816 1801 1888; baseline 0.001 -20"><span class='ocrx_word' id='word_1_190' title='bbox 176 1819 314 1886; x_wconf 79' lang='grc' dir='ltr'>τρεῖς</span> <span class='ocrx_word' id='word_1_191' title='bbox 353 1817 486 1887; x_wconf 78' lang='grc' dir='ltr'>ὥρας</span> <span class='ocrx_word' id='word_1_192' title='bbox 524 1817 580 1870; x_wconf 79' lang='grc' dir='ltr'>ἔν</span> <span class='ocrx_word' id='word_1_193' title='bbox 619 1820 779 1886; x_wconf 81' lang='grc' dir='ltr'>ἑωυτῇ</span> <span class='ocrx_word' id='word_1_194' title='bbox 820 1818 966 1885; x_wconf 76' lang='grc' dir='ltr'>ἀξίας</span> <span class='ocrx_word' id='word_1_195' title='bbox 1002 1816 1283 1884; x_wconf 81' lang='grc' dir='ltr'>θωύματος.</span> <span class='ocrx_word' id='word_1_196' title='bbox 1337 1823 1515 1887; x_wconf 82' lang='grc' dir='ltr'>πρῶτα</span> <span class='ocrx_word' id='word_1_197' title='bbox 1539 1819 1631 1885; x_wconf 74' lang='grc' dir='ltr'>μὲν</span> <span class='ocrx_word' id='word_1_198' title='bbox 1655 1818 1757 1888; x_wconf 81' lang='grc' dir='ltr'>γὰρ</span> <span class='ocrx_word' id='word_1_199' title='bbox 1775 1829 1801 1869; x_wconf 74' lang='lat'>2</span> 
     </span>
     <span class='ocr_line' id='line_1_23' title="bbox 177 1894 1759 1968; baseline 0.001 -22"><span class='ocrx_word' id='word_1_200' title='bbox 177 1894 242 1946; x_wconf 82' lang='grc' dir='ltr'>τὰ</span> <span class='ocrx_word' id='word_1_201' title='bbox 287 1896 692 1965; x_wconf 83' lang='grc' dir='ltr'>παραθαλάσσια</span> <span class='ocrx_word' id='word_1_202' title='bbox 736 1903 836 1949; x_wconf 84' lang='grc' dir='ltr'>τῶν</span> <span class='ocrx_word' id='word_1_203' title='bbox 883 1901 1087 1968; x_wconf 81' lang='grc' dir='ltr'>καρπῶν</span> <span class='ocrx_word' id='word_1_204' title='bbox 1126 1895 1257 1967; x_wconf 78' lang='grc' dir='ltr'>ὀργᾷ</span> <span class='ocrx_word' id='word_1_205' title='bbox 1300 1895 1530 1964; x_wconf 78' lang='grc' dir='ltr'>ἀμᾶσθαί</span> <span class='ocrx_word' id='word_1_206' title='bbox 1572 1917 1630 1949; x_wconf 89' lang='grc' dir='ltr'>τε</span> <span class='ocrx_word' id='word_1_207' title='bbox 1676 1895 1759 1948; x_wconf 77' lang='grc' dir='ltr'>καὶ</span> 
     </span>
     <span class='ocr_line' id='line_1_24' title="bbox 177 1973 1755 2046; baseline 0.001 -22"><span class='ocrx_word' id='word_1_208' title='bbox 177 1973 482 2044; x_wconf 77' lang='grc' dir='ltr'>τρυγᾶσθαι·</span> <span class='ocrx_word' id='word_1_209' title='bbox 532 1973 728 2028; x_wconf 84' lang='grc' dir='ltr'>τούτων</span> <span class='ocrx_word' id='word_1_210' title='bbox 763 1974 818 2028; x_wconf 74' lang='grc' dir='ltr'>δὲ</span> <span class='ocrx_word' id='word_1_211' title='bbox 856 1975 1352 2046; x_wconf 84' lang='grc' dir='ltr'>συγκεκομισμένων,</span> <span class='ocrx_word' id='word_1_212' title='bbox 1391 1979 1491 2027; x_wconf 80' lang='grc' dir='ltr'>τῶν</span> <span class='ocrx_word' id='word_1_213' title='bbox 1533 1973 1755 2044; x_wconf 80' lang='grc' dir='ltr'>ὑπερθα-</span> 
     </span>
     <span class='ocr_line' id='line_1_25' title="bbox 175 2051 1757 2124; baseline 0.001 -21"><span class='ocrx_word' id='word_1_214' title='bbox 175 2051 470 2106; x_wconf 86' lang='grc' dir='ltr'>λασσιδίων</span> <span class='ocrx_word' id='word_1_215' title='bbox 514 2055 698 2122; x_wconf 78' lang='grc' dir='ltr'>χώρων</span> <span class='ocrx_word' id='word_1_216' title='bbox 742 2054 806 2105; x_wconf 79' lang='grc' dir='ltr'>τὰ</span> <span class='ocrx_word' id='word_1_217' title='bbox 851 2055 987 2121; x_wconf 83' lang='grc' dir='ltr'>μέσα</span> <span class='ocrx_word' id='word_1_218' title='bbox 1040 2053 1170 2123; x_wconf 78' lang='grc' dir='ltr'>ὀργᾷ</span> <span class='ocrx_word' id='word_1_219' title='bbox 1223 2052 1643 2124; x_wconf 77' lang='grc' dir='ltr'>συγκομίζεσθαι,</span> <span class='ocrx_word' id='word_1_220' title='bbox 1693 2054 1757 2105; x_wconf 75' lang='grc' dir='ltr'>τὰ</span> 
     </span>
     <span class='ocr_line' id='line_1_26' title="bbox 176 2129 1759 2201; baseline 0.003 -21"><span class='ocrx_word' id='word_1_221' title='bbox 176 2129 397 2193; x_wconf 83' lang='grc' dir='ltr'>βουνοὺς</span> <span class='ocrx_word' id='word_1_222' title='bbox 443 2132 707 2184; x_wconf 84' lang='grc' dir='ltr'>καλέουσι·</span> <span class='ocrx_word' id='word_1_223' title='bbox 774 2131 1176 2201; x_wconf 85' lang='grc' dir='ltr'>συγκεκόμισταί</span> <span class='ocrx_word' id='word_1_224' title='bbox 1222 2152 1278 2184; x_wconf 89' lang='grc' dir='ltr'>τε</span> <span class='ocrx_word' id='word_1_225' title='bbox 1324 2129 1475 2184; x_wconf 79' lang='grc' dir='ltr'>οὗτος</span> <span class='ocrx_word' id='word_1_226' title='bbox 1520 2134 1549 2182; x_wconf 86' lang='grc' dir='ltr'>ὁ</span> <span class='ocrx_word' id='word_1_227' title='bbox 1594 2131 1759 2197; x_wconf 83' lang='grc' dir='ltr'>μέσος</span> 
     </span>
     <span class='ocr_line' id='line_1_27' title="bbox 179 2208 1756 2279; baseline 0.002 -21"><span class='ocrx_word' id='word_1_228' title='bbox 179 2209 387 2276; x_wconf 84' lang='grc' dir='ltr'>καρπὸς,</span> <span class='ocrx_word' id='word_1_229' title='bbox 419 2210 499 2260; x_wconf 78' lang='grc' dir='ltr'>καὶ</span> <span class='ocrx_word' id='word_1_230' title='bbox 527 2212 556 2261; x_wconf 82' lang='grc' dir='ltr'>ὁ</span> <span class='ocrx_word' id='word_1_231' title='bbox 583 2209 640 2261; x_wconf 77' lang='grc' dir='ltr'>ἐν</span> <span class='ocrx_word' id='word_1_232' title='bbox 665 2210 727 2276; x_wconf 85' lang='grc' dir='ltr'>τῇ</span> <span class='ocrx_word' id='word_1_233' title='bbox 754 2211 1099 2278; x_wconf 82' lang='grc' dir='ltr'>κατυπερτάτῃ</span> <span class='ocrx_word' id='word_1_234' title='bbox 1137 2211 1223 2276; x_wconf 82' lang='grc' dir='ltr'>τῆς</span> <span class='ocrx_word' id='word_1_235' title='bbox 1258 2211 1354 2279; x_wconf 85' lang='grc' dir='ltr'>γῆς</span> <span class='ocrx_word' id='word_1_236' title='bbox 1380 2208 1674 2261; x_wconf 85' lang='grc' dir='ltr'>πεπαίνεταί</span> <span class='ocrx_word' id='word_1_237' title='bbox 1699 2229 1756 2261; x_wconf 90' lang='grc' dir='ltr'>τε</span> 
     </span>
     <span class='ocr_line' id='line_1_28' title="bbox 180 2285 1800 2356; baseline 0.002 -19"><span class='ocrx_word' id='word_1_238' title='bbox 180 2286 258 2338; x_wconf 76' lang='grc' dir='ltr'>καὶ</span> <span class='ocrx_word' id='word_1_239' title='bbox 289 2285 436 2356; x_wconf 78' lang='grc' dir='ltr'>ὀργᾷ.</span> <span class='ocrx_word' id='word_1_240' title='bbox 481 2287 618 2340; x_wconf 79' lang='grc' dir='ltr'>ὥστε</span> <span class='ocrx_word' id='word_1_241' title='bbox 645 2286 920 2340; x_wconf 85' lang='grc' dir='ltr'>ε’κπέποταί</span> <span class='ocrx_word' id='word_1_242' title='bbox 945 2308 1002 2339; x_wconf 89' lang='grc' dir='ltr'>τε</span> <span class='ocrx_word' id='word_1_243' title='bbox 1038 2287 1119 2338; x_wconf 83' lang='grc' dir='ltr'>καὶ</span> <span class='ocrx_word' id='word_1_244' title='bbox 1148 2287 1533 2355; x_wconf 84' lang='grc' dir='ltr'>καταβέβρωται</span> <span class='ocrx_word' id='word_1_245' title='bbox 1559 2289 1587 2338; x_wconf 89' lang='grc' dir='ltr'>ὁ</span> <span class='ocrx_word' id='word_1_246' title='bbox 1614 2291 1752 2355; x_wconf 78' lang='grc' dir='ltr'>πρῶ·</span> <span class='ocrx_word' id='word_1_247' title='bbox 1774 2300 1800 2340; x_wconf 80' lang='lat'><em>8</em></span> 
     </span>
     <span class='ocr_line' id='line_1_29' title="bbox 178 2361 1755 2436; baseline 0.001 -21"><span class='ocrx_word' id='word_1_248' title='bbox 178 2384 267 2417; x_wconf 91' lang='grc' dir='ltr'>τος</span> <span class='ocrx_word' id='word_1_249' title='bbox 294 2367 502 2435; x_wconf 83' lang='grc' dir='ltr'>καρπὸς,</span> <span class='ocrx_word' id='word_1_250' title='bbox 532 2366 614 2418; x_wconf 80' lang='grc' dir='ltr'>καὶ</span> <span class='ocrx_word' id='word_1_251' title='bbox 640 2369 669 2418; x_wconf 79' lang='grc' dir='ltr'>ὁ</span> <span class='ocrx_word' id='word_1_252' title='bbox 696 2368 987 2420; x_wconf 86' lang='grc' dir='ltr'>τελευταῖος</span> <span class='ocrx_word' id='word_1_253' title='bbox 1014 2365 1470 2436; x_wconf 83' lang='grc' dir='ltr'>συμπαραγίνεται.</span> <span class='ocrx_word' id='word_1_254' title='bbox 1514 2361 1647 2416; x_wconf 77' lang='grc' dir='ltr'>οὕτω</span> <span class='ocrx_word' id='word_1_255' title='bbox 1674 2363 1755 2418; x_wconf 74' lang='grc' dir='ltr'>ἐπ’</span> 
     </span>
     <span class='ocr_line' id='line_1_30' title="bbox 179 2441 1759 2515; baseline 0.003 -23"><span class='ocrx_word' id='word_1_256' title='bbox 179 2441 312 2493; x_wconf 80' lang='grc' dir='ltr'>ὀκτὼ</span> <span class='ocrx_word' id='word_1_257' title='bbox 342 2445 501 2511; x_wconf 86' lang='grc' dir='ltr'>μῆνας</span> <span class='ocrx_word' id='word_1_258' title='bbox 527 2445 838 2514; x_wconf 89' lang='grc' dir='ltr'>Κυρηναίους</span> <span class='ocrx_word' id='word_1_259' title='bbox 873 2444 1047 2515; x_wconf 84' lang='grc' dir='ltr'>ὀπώρη</span> <span class='ocrx_word' id='word_1_260' title='bbox 1084 2442 1278 2512; x_wconf 88' lang='grc' dir='ltr'>ε’πέχει.</span> <span class='ocrx_word' id='word_1_261' title='bbox 1360 2446 1527 2495; x_wconf 84' lang='grc' dir='ltr'>Ταῦτα</span> <span class='ocrx_word' id='word_1_262' title='bbox 1551 2443 1644 2511; x_wconf 84' lang='grc' dir='ltr'>μέν</span> <span class='ocrx_word' id='word_1_263' title='bbox 1670 2463 1759 2496; x_wconf 84' lang='grc' dir='ltr'>νυν</span> 
     </span>
     <span class='ocr_line' id='line_1_31' title="bbox 177 2517 811 2590; baseline 0.003 -18"><span class='ocrx_word' id='word_1_264' title='bbox 177 2517 266 2572; x_wconf 84' lang='grc' dir='ltr'>ε’πὶ</span> <span class='ocrx_word' id='word_1_265' title='bbox 291 2525 544 2574; x_wconf 86' lang='grc' dir='ltr'>τοσοῦτον</span> <span class='ocrx_word' id='word_1_266' title='bbox 569 2521 811 2590; x_wconf 76' lang='grc' dir='ltr'>εἰρήσθω.</span> 
     </span>
    </p>

    <p class='ocr_par' dir='ltr' id='par_1_3' title="bbox 244 2595 1891 2670">
     <span class='ocr_line' id='line_1_32' title="bbox 244 2595 1891 2670; baseline -0.002 -16"><span class='ocrx_word' id='word_1_267' title='bbox 244 2600 309 2654; x_wconf 73' lang='lat' dir='ltr'>oi</span> <span class='ocrx_word' id='word_1_268' title='bbox 351 2599 410 2654; x_wconf 78' lang='grc' dir='ltr'>δὲ</span> <span class='ocrx_word' id='word_1_269' title='bbox 457 2600 730 2669; x_wconf 69' lang='grc' dir='ltr'>Φερετίμης</span> <span class='ocrx_word' id='word_1_270' title='bbox 772 2601 984 2670; x_wconf 74' lang='grc' dir='ltr'>τιμωροὶ</span> <span class='ocrx_word' id='word_1_271' title='bbox 1030 2601 1250 2670; x_wconf 86' lang='grc' dir='ltr'>Πέρσαι,</span> <span class='ocrx_word' id='word_1_272' title='bbox 1298 2595 1408 2653; x_wconf 62' lang='lat' dir='ltr'><em>‘’n-ei</em></span> <span class='ocrx_word' id='word_1_273' title='bbox 1450 2621 1507 2654; x_wconf 88' lang='grc' dir='ltr'>τε</span> <span class='ocrx_word' id='word_1_274' title='bbox 1555 2603 1610 2653; x_wconf 79' lang='grc' dir='ltr'>ἐκ</span> <span class='ocrx_word' id='word_1_275' title='bbox 1662 2599 1752 2666; x_wconf 82' lang='grc' dir='ltr'>τῆς</span> <span class='ocrx_word' id='word_1_276' title='bbox 1776 2599 1891 2652; x_wconf 86' lang='grc'>200</span> 
     </span>
    </p>
   </div>
  </div>
 </body>
</html>
