1975 2892
587 160 963 205 ΚΛΕΙΩ.-Ι.
1002 162 1230 222 189·192.
1589 158 1699 209 105

93 223 164 261 ol.
186 223 254 263 60.
272 220 333 268 3.]

94 271 457 335 Βαβυλωνίων
480 270 728 334 βασίλεια
764 270 976 337 ἐποίησε
1003 274 1128 325 κατά
1161 294 1218 325 τε
1243 274 1332 325 τὸν
1357 274 1586 340 ποταμὸν
1612 274 1695 326 καὶ

97 351 236 401 κατὰ
262 349 357 415 τὴν
381 348 580 415 λίμνην,
611 348 777 401 ε’ποίεε
804 350 884 401 καὶ
912 353 940 403 ὁ
974 353 1142 419 Κῦρος
1169 350 1314 421 ἕτερα
1339 354 1561 405 τοιαῦτα.
1605 354 1732 410 τὸνσ

94 430 206 497 γὰρ
244 428 477 492 ποταμὸν
513 427 725 495 διώρυχι
767 428 1036 497 ἐσαγαγὼν
1073 428 1124 482 ἐς
1159 428 1250 495 τὴν
1287 428 1470 495 λίμνην
1506 430 1694 482 ἐοῦσαν

96 506 255 566 ἕλος,
278 508 339 557 τὸ
366 506 579 574 ἀρχαῖον
602 503 814 575 ῥέεθρον
840 506 1084 569 διαβατὸν
1104 501 1226 557 εἶναι
1255 505 1481 571 ἐποίησε,
1505 506 1690 559 ὑπονο-

99 582 403 651 στήσαντος
429 586 521 635 τοῦ
547 586 798 649 ποταμοῦ.
840 583 1114 653 γενομένου
1147 584 1202 636 δὲ
1229 581 1413 636 τούτου
1439 583 1691 645 τοιοῦτον,
1709 596 1736 637 ο

99 664 151 715 οἱ
204 661 427 731 Πέρσαι,
466 658 611 730 οἵπερ
656 660 929 729 ἐτετάχατο
972 660 1050 714 ἐπ’
1095 662 1230 735 αὐτῷ
1264 660 1429 733 τούτῳ
1467 664 1590 715 κατὰ
1633 664 1694 716 τὸ

98 740 321 810 ῥέεθρον
348 742 439 792 τοῦ
472 737 755 809 Εὐφρήτεω
781 743 1031 807 ποταμοῦ,
1061 740 1522 807 ὑπονενοστηκότος
1549 741 1693 811 ἀνδρὶ

101 821 174 873 ὣς
204 819 259 872 ἐς
294 818 458 885 μέσον
490 818 651 887 μηρὸν
676 819 906 883 μάλιστά
942 838 1021 885 κη,
1053 820 1178 870 κατὰ
1203 821 1356 871 τοῦτο
1390 817 1613 887 ἐσῄεσαν
1639 819 1693 875 ἐς

100 898 199 964 τὴν
238 899 541 959 Βαβυλῶνα.
626 894 689 947 E?
722 895 816 963 μέν
842 917 929 948 νυν
962 895 1331 967 προεπύθοντο,
1361 895 1390 964 ἢ
1429 898 1616 965 ἔμαθον
1640 899 1730 957 οἷ’(

102 976 433 1039 Βαβυλώνιοι
460 975 519 1026 τὸ
554 974 608 1025 ἐκ
633 977 725 1026 τοῦ
764 972 933 1043 Κύρου
959 973 1274 1042 ποιεύμενον,
1304 975 1409 1027 οὐδ’
1438 976 1515 1038 ἂν,
1544 998 1688 1047 περι-

98 1056 305 1107 ’ἰδόντες
332 1053 449 1107 τοὺς
475 1051 685 1121 Πέρσας
720 1051 955 1105 ἐσελθεῖν
990 1053 1043 1108 ἐς
1069 1054 1160 1121 τὴν
1196 1056 1367 1114 πόλιν,
1399 1054 1690 1125 διέφθειραν

104 1133 349 1184 κάκιστα.
415 1125 842 1195 κατακληίσαντες
892 1131 994 1201 γὰρ
1047 1132 1108 1184 ἂν
1159 1132 1331 1187 πάσας
1382 1132 1473 1187 τὰς
1512 1133 1564 1188 εἰ·
1603 1135 1731 1190 τὸνδ

102 1211 343 1277 ποταμὸν
375 1209 599 1263 πυλίδας,
632 1206 871 1277 ἐχούσας,
911 1210 993 1261 καὶ
1029 1210 1172 1262 αὐτοὶ
1209 1211 1292 1263 ε’πὶ
1326 1212 1418 1265 τὰς
1451 1211 1692 1279 αἱμασιὰς

107 1289 392 1351 ἀναβάντες
417 1288 507 1341 τὰς
533 1288 671 1357 παρὰ
696 1288 759 1339 τὰ
785 1287 964 1355 χείλεα
984 1292 1074 1340 τοῦ
1101 1292 1332 1356 ποταμοῦ
1359 1288 1689 1355 ἐληλαμένας,

109 1368 317 1430 ἔλαβον
343 1367 405 1418 ἅν
432 1366 601 1434 σφεας
628 1366 695 1420 ὣς
723 1366 777 1417 ἐν
804 1363 975 1436 κύρτῃ.
1021 1370 1108 1419 νῦν
1135 1367 1190 1419 δὲ
1218 1366 1276 1431 ἐξ
1303 1365 1692 1436 ἀπροσδοκήτου
1709 1384 1735 1423 ⁹

112 1446 223 1513 σφι
238 1444 571 1513 παρέστησαν
591 1445 639 1495 οἶ
666 1444 885 1512 Πέρσαι.
930 1446 1030 1498 ὑπὸ
1052 1445 1105 1497 δὲ
1125 1443 1372 1514 μεγάθεος
1387 1446 1476 1511 τῆς
1490 1446 1690 1504 πόλιος,

114 1525 186 1577 ὣς
210 1522 417 1592 λέγεται
436 1523 535 1575 ὑπὸ
556 1527 656 1574 τῶν
675 1520 829 1590 ταύτῃ
852 1522 1142 1590 οἰκημένων,
1160 1526 1262 1573 τῶν
1278 1522 1396 1590 περὶ
1416 1522 1479 1573 τὰ
1497 1522 1696 1589 ἔσχατα

113 1604 210 1669 τῆς
255 1602 437 1655 πόλιος
480 1602 793 1660 ἑαλωκότων,
838 1600 957 1654 τοὺς
1000 1601 1059 1652 τὸ
1099 1598 1263 1667 μέσον
1304 1597 1553 1651 οἰκέοντες
1595 1604 1697 1651 τῶν

115 1679 462 1741 Βαβυλωνίων
487 1680 547 1730 οὗ
572 1678 839 1746 μανθάνειν
866 1680 1169 1731 ἑαλωκότας·
1215 1676 1353 1729 ἀλλὰ
1375 1674 1572 1749 (τυχεῖν
1594 1678 1696 1747 γάρ

118 1759 229 1827 σφι
257 1757 443 1809 εὀῦσαν
477 1750 653 1827 ὁρτὴν)
682 1755 915 1827 χορεύειν
949 1778 1007 1809 τε
1042 1759 1224 1808 τοῦτον
1258 1756 1348 1808 τὸν
1381 1757 1585 1825 χρόνον,
1616 1756 1698 1807 καὶ

120 1838 177 1889 ἐν
205 1835 501 1903 εὐπαθείῃσι
531 1831 671 1895 εἶναι,
704 1836 755 1889 ἐς
781 1834 808 1887 ὃ
843 1834 902 1902 δὴ
932 1834 1014 1887 καὶ
1039 1836 1098 1887 τὸ
1127 1836 1285 1905 κάρτα
1319 1832 1585 1895 ἐπύθοντο,
1617 1834 1698 1887 καὶ

120 1915 373 1978 Βαβυλὼν
399 1914 491 1976 μὲν
516 1911 647 1965 οὕτω
674 1916 791 1966 τότε
816 1919 1020 1979 πρῶτον
1045 1914 1306 1984 ἀραίρητο.

206 1988 307 2056 Τὴν
342 1990 396 2041 δὲ
433 1987 641 2057 δύναμιν
674 1994 775 2042 τῶν
814 1992 1156 2054 Βαβυλωνίων
1194 1992 1446 2043 πολλοῖσι
1481 1990 1576 2057 μὲν
1611 1990 1692 2044 καὶ
1725 1989 1835 2043 192

125 2068 339 2120 ἄλλοισι
393 2068 612 2134 δηλώσω
661 2066 759 2135 ὅση
805 2068 883 2124 τίς
928 2069 1058 2131 ἐστι,
1109 2068 1164 2120 ἐν
1207 2067 1264 2121 δὲ
1307 2068 1366 2135 δὴ
1411 2068 1493 2121 καὶ
1543 2067 1690 2139 τῷδε.

124 2149 344 2201 Βασιλεῖ
366 2150 435 2218 τῷ
472 2149 680 2218 μεγάλῳ
723 2146 775 2200 ἐς
808 2143 1010 2215 τροφὴν
1037 2145 1191 2196 αὐτοῦ
1218 2166 1274 2195 τε
1302 2146 1382 2195 καὶ
1422 2145 1512 2209 τῆς
1539 2162 1699 2211 στρα-

123 2230 237 2295 τιῆς
264 2225 591 2295 διαραίρηται,
612 2224 776 2295 πάρεξ
794 2228 885 2277 τοῦ
906 2225 1094 2293 φόρου,
1115 2224 1182 2291 γῆ
1209 2224 1354 2274 πᾶσα
1381 2220 1507 2286 ὅσης
1534 2218 1698 2286 ἄρχει.

128 2304 355 2358 δυώδεκα
382 2302 451 2355 ὧν
476 2308 644 2370 μηνῶν
681 2304 864 2355 ἐόντων
893 2303 944 2355 ἐς
971 2302 1061 2353 τὸν
1097 2300 1340 2359 ἐνιαυτὸν,
1369 2298 1488 2351 τοὺς
1514 2298 1700 2348 τέσσε-
1725 2313 1751 2354 2

128 2404 224 2455 ρας
248 2384 405 2449 μῆνας
430 2381 611 2451 τρέφει
637 2402 724 2449 μιν
750 2379 779 2447 ἡ
808 2377 1112 2444 Βαβυλωνίη
1139 2379 1300 2447 χώρη
1345 2375 1464 2429 τοὺς
1491 2374 1600 2427 δε’
1575 2396 1706 2427 οκτω

128 2466 231 2514 τῶν
269 2465 452 2528 μηνῶν,
491 2458 521 2525 ἡ
556 2459 713 2525 λοιπὴ
755 2460 901 2512 πᾶσα
939 2457 1111 2522 Ἀσίη.
1169 2452 1300 2507 οὕτω
1342 2453 1636 2551 τριτημορίη
1677 2450 1705 2514 ἦ
1728 2466 1754 2506 8

128 2538 384 2609 Ἀσσυρίη
427 2538 569 2607 χώρη
612 2542 673 2605 τῇ
715 2538 918 2603 δυνάμει
971 2538 1062 2602 τῆς
1100 2533 1264 2599 ἄλλης
1300 2530 1500 2597 Ἀσίης·
1559 2533 1640 2583 καὶ
1680 2529 1709 2596 ἡ

132 2618 265 2689 ἀρχὴ
318 2618 408 2684 τῆς
458 2617 629 2686 χώρης
673 2612 875 2680 ταύτης,
919 2612 1012 2679 τὴν
1057 2633 1105 2664 οι
1153 2610 1354 2681 Πέρσαι
1398 2602 1714 2678 σατραπηίην
