1975 2892
633 108 778 154 KAE
791 107 812 152 1
825 107 1016 152 Ω.--ι.
1050 117 1221 168 ²⁷·31·
1623 97 1693 153 15

107 173 176 211 οι.
197 171 264 210 55.
282 171 344 219 1.]

106 229 211 297 γὰρ
236 227 357 295 περὶ
385 225 476 279 σέο
502 228 661 297 λόγος
688 227 892 280 ἀπῖκται
917 230 1135 294 πολλὸς,
1164 231 1247 282 καὶ
1277 229 1473 300 σοφίης
1506 228 1691 286 εἵνεκεν

111 308 202 372 τῆς
231 307 328 373 σῆς
357 305 438 357 καὶ
462 306 675 371 πλάνης,
696 306 762 360 ὣς
778 307 1125 376 φιλοσοφέων
1141 310 1238 379 γῆν
1256 309 1459 376 πολλὴν
1480 309 1691 382 θεωρίης

112 381 300 436 εἵνεκεν
353 381 691 450 ἐπελήλυθας.
761 387 849 437 νῦν
903 384 971 437 ὧν
1024 383 1196 456 ἵμερος
1256 386 1552 457 ἐπείρεσθαί
1601 410 1690 458 μοι
1716 396 1741 436 ⁶

113 461 326 530 ἐπῆλθε,
357 459 406 514 εἴ
429 483 540 514 τινα
564 462 659 530 ἤδη
684 463 886 516 πάντων
913 459 1042 518 εἶδες
1069 464 1388 529 ὀλβιώτατον
1397 462 1454 527 ;”
1500 465 1561 519 ‘0
1578 468 1688 534 μὲν,

111 540 342 605 ἐλπίζων
375 535 500 593 εἶναι
539 539 818 610 ἀνθρώπων
859 541 1196 606 ὀλβιώτατος,
1228 547 1387 595 ταῦτα
1424 544 1688 615 ἐπειρώτα.

112 620 295 671 Σόλων
334 618 408 679 δέ,
437 618 586 671 οῦδὲν
615 617 1005 681 ὑποθωπεύσας,
1035 621 1175 672 ἀλλὰ
1214 625 1285 693 τῷ
1322 621 1455 674 ἐόντι
1489 623 1689 693 χρησά-
1715 631 1740 670 6

110 718 284 765 μενος,
313 696 474 767 λέγει·
523 692 645 748 “Ὠ
671 700 914 761 βασιλεῦ,
943 699 1145 752 Τέλλον
1169 694 1491 766 Ἀθηναῖον·”
1532 699 1690 755 Ἀπο-
1714 712 1737 754 '1

113 774 394 842 θωυμάσας
427 775 484 828 δὲ
521 778 747 844 Κροῖσος
785 777 847 828 τὸ
878 776 1088 846 λεχθὲν,
1116 775 1279 848 ε’ίρετο
1317 778 1691 850 ἐπιστρεφέως·

117 856 154 878 “
178 852 308 920 Κοίῃ
350 851 412 920 δὴ
451 852 634 924 κρίνεις
677 853 874 908 Τέλλον
916 851 1043 908 εἶναι
1077 855 1397 920 ὀλβιώτατον
1412 853 1469 920 ;''
1535 856 1597 910 ‘0
1637 859 1737 911 δὲ8

116 926 247 983 εἷπε·
293 931 547 1004 “Τέλλῳ,
567 935 722 984 τοῦτο
739 933 849 1000 μὲν,
867 935 958 1000 τῆς
975 935 1161 989 πόλιος
1181 933 1237 988 εὖ
1263 933 1503 1003 ἡκούσης,
1518 937 1695 992 παῖδες

114 1006 254 1075 ἦσαν
280 1008 430 1061 καλοί
454 1031 512 1061 τε
538 1008 770 1080 κάγαθοὶ,
798 1011 882 1064 καί
917 1013 1023 1082 σφι
1050 1008 1152 1066 εἶδε
1178 1013 1341 1067 ἅπασι
1375 1014 1524 1067 τέκνα
1550 1014 1693 1085 ἐκγε-

117 1090 320 1154 νόμενα,
350 1088 431 1140 καὶ
456 1088 620 1140 πάντα
650 1090 1044 1159 παραμείναντα·
1086 1094 1241 1144 τοῦτο
1266 1091 1343 1153 δέ,
1372 1095 1465 1144 τοῦ
1488 1092 1613 1157 βίον
1640 1091 1695 1145 εὖ

115 1165 309 1233 ἥκοντι,
335 1166 405 1220 ὡς
439 1166 502 1218 τὰ
527 1165 646 1237 παρ’
683 1166 816 1235 ἡμῖν,
845 1169 1057 1236 τελευτὴ
1088 1173 1181 1222 τοῦ
1214 1169 1337 1234 βίου
1362 1171 1695 1240 λαμπροτάτη

117 1243 404 1312 ἐπεγένετο.
448 1244 718 1314 γενομένης
746 1246 848 1316 γὰρ
872 1245 1190 1314 Ἀθηναίοισι
1224 1249 1391 1316 μάχης
1416 1250 1545 1319 πρὸς
1578 1249 1697 1303 τοὺς
1715 1264 1741 1303 9

115 1321 486 1392 ἀστυγείτονας
511 1322 566 1375 ἐν
589 1323 868 1384 Ἐλευσῖνι,
895 1325 1181 1393 βοηθήσας,
1212 1328 1293 1379 καὶ
1328 1327 1520 1396 τροπὴν
1544 1324 1697 1393 ποιή-

117 1420 219 1453 σας
259 1405 360 1453 τῶν
398 1401 675 1468 πολεμίων,
721 1402 937 1455 ἀπέθανε
978 1406 1254 1457 κάλλιστα.
1299 1404 1383 1456 καί
1420 1425 1507 1472 μιν
1542 1403 1695 1470 Ἀθη·
1714 1415 1765 1456 10

117 1479 252 1531 ναῖοι
280 1478 500 1546 δημοσίῃ
527 1499 582 1532 τε
610 1479 813 1549 ἔθαψαν
840 1481 995 1534 αὐτοῦ
1022 1484 1183 1552 τῇπερ
1210 1483 1383 1542 ἔπεσε,
1414 1482 1501 1534 καὶ
1528 1481 1697 1551 ἐτίμη-

118 1577 223 1609 σαν
248 1554 542 1624 μεγάλως.”

209 1633 302 1688 Ὧς
348 1633 402 1686 δὲ
451 1632 516 1685 τὰ
562 1630 687 1684 κατὰ
733 1631 823 1683 τὸν
873 1629 1076 1684 Τέλλον
1126 1632 1487 1701 προετρέψατο
1532 1636 1561 1686 ὁ
1603 1636 1693 1687 Σό-
1714 1639 1786 1694 31

113 1710 230 1761 λων
254 1709 346 1760 τὸν
372 1710 617 1778 Κροῖσον,
656 1705 800 1764 εἴπας
832 1711 1012 1762 πολλά
1045 1731 1101 1762 τε
1135 1709 1215 1762 καὶ
1251 1707 1426 1775 ὄλβια,
1457 1711 1703 1783 ἐπειρώτα

117 1786 235 1840 τίνα
263 1784 500 1856 δεύτερον
523 1785 630 1854 μετ’
666 1787 853 1840 ἐκεῖνον
878 1785 1000 1849 ἰ’δοι,
1032 1788 1221 1841 δοκέων
1243 1790 1420 1859 πάγχυ
1447 1789 1703 1861 δευτερεῖα

117 1870 228 1936 γῶν
274 1861 531 1917 οἴσεσθαι.
592 1868 621 1917 ὁ
664 1865 720 1918 δὲ
768 1861 892 1919 εἷπε·
940 1871 975 1894 “
997 1865 1224 1930 Κλέοβίν
1264 1889 1322 1921 τε
1361 1868 1444 1921 καὶ
1487 1869 1698 1922 Βίτωνα.
1720 1883 1745 1922 2

118 1940 357 1996 τούτοισι
393 1943 513 2013 γὰρ,
543 1943 688 1995 ἐοῦσι
729 1945 878 2014 γένος
917 1941 1219 2015 Ἀργείοισι,
1259 1945 1377 2010 βίος
1417 1967 1475 1999 τε
1513 1947 1705 2018 ἀρκέων

121 2021 274 2089 ὑπῆν,
313 2022 396 2074 καὶ
435 2022 564 2092 πρὸς
602 2019 786 2094 τούτῳ,
821 2020 964 2092 ῥώμη
1009 2024 1245 2088 σώματος
1283 2021 1471 2092 τοιήδε·
1517 2025 1702 2078 ἀεθλο-

123 2100 285 2170 φόροι
323 2120 381 2151 τε
419 2099 706 2170 ἀμφότεροι
746 2101 933 2168 ὁμοίως
971 2102 1117 2162 ἔσαν,
1160 2103 1243 2155 καὶ
1283 2103 1343 2170 δὴ
1381 2103 1464 2155 καὶ
1498 2102 1705 2174 λέγεται

123 2178 213 2230 ὅδε
249 2180 278 2230 ὁ
304 2179 481 2248 λόγος.
525 2176 712 2245 ἐούσης
753 2182 906 2250 ὁρτῆς
946 2185 1009 2247 τῇ
1038 2178 1178 2250 Ἥρῃ
1215 2183 1355 2233 τοῖσι
1400 2179 1703 2252 Ἀργείοισι,
1724 2195 1748 2235 3

123 2256 237 2308 ἔδεε
270 2257 472 2310 πάντως
504 2256 596 2324 τὴν
619 2257 812 2331 μητέρα
843 2258 1009 2310 αὐτῶν
1036 2257 1203 2329 ζεύγεῖ
1239 2257 1542 2325 κομισθῆναι
1570 2258 1621 2313 ἐς
1648 2259 1707 2310 τὸ

128 2334 254 2403 ἱρόν·
297 2335 348 2386 οἱ
383 2333 442 2387 δέ
481 2336 584 2404 σφι
608 2337 732 2399 βόες
773 2335 839 2388 ἐκ“
862 2339 954 2389 τοῦ
987 2336 1151 2406 ἀγροῦ
1184 2336 1244 2388 οὐ
1282 2335 1614 2406 παρεγίνοντο
1656 2337 1709 2389 ἐν

129 2413 254 2482 ὥρῃ·
327 2412 669 2480 ἐκκληῖόμενοι
723 2413 780 2466 δὲ
826 2418 888 2481 τῇ
933 2415 1037 2482 ὥρῃ
1081 2414 1131 2465 οἶ
1184 2413 1387 2478 νεηνίαι,
1435 2411 1709 2466 ὑποδύντες

130 2490 276 2542 αὐτοὶ
317 2490 417 2544 ὑπὸ
464 2490 556 2557 τὴν
598 2489 831 2560 ζεύγλην,
879 2487 1057 2542 εἷλκον
1099 2489 1191 2556 τὴν
1232 2490 1446 2556 ἅμαξαν,
1493 2489 1576 2542 ἐπὶ
1622 2491 1711 2556 τῆς

133 2568 328 2635 ἁμάξης
360 2567 416 2621 δέ
443 2570 547 2639 σφι
583 2569 762 2638 ὀχέετο
790 2567 820 2635 ἡ
860 2567 1044 2636 μήτηρ.
1090 2566 1331 2621 σταδίους
1357 2566 1412 2619 δὲ
1447 2566 1596 2620 πέντε
1633 2566 1755 2618 scau
