1975 2892
267 73 371 124 184
856 80 1260 125 ΗΡΟΔΟΤΟΥ

1550 133 1860 182 [A.0.11⁰o-

270 193 415 254 ὅνων,
444 193 526 245 καὶ
552 192 725 245 ἔπειτα
760 189 992 244 ἐλαύνειν
1017 189 1218 246 αὐτούς·
1261 191 1330 246 ὣς
1356 191 1412 244 δὲ
1445 193 1571 243 κατὰ
1597 193 1720 245 τοὺς
1749 194 1856 260 φυ-

268 274 567 324 λάσσοντας
600 267 663 335 ἦν
687 270 777 321 τὸν
812 271 1120 338 κρεμάμενον
1155 273 1316 330 νέκυν,
1345 269 1712 322 ἐπισπάσαντα
1756 274 1861 321 τῶν

269 350 443 402 ἀσκῶν
476 346 569 401 δύο
604 345 634 415 ἦ
673 350 810 416 τρεῖς
846 349 1100 402 ποδεῶνας
1142 347 1296 400 αὐτὸν
1328 347 1472 401 λύειν
1506 347 1856 414 ἀπαμμένους.

205 445 255 486 21
272 428 339 482 ὣς
364 427 419 480 δὲ
446 427 589 497 ἔρρεε
616 429 645 479 ὁ
672 421 824 491 οἶνος,
854 425 945 492 τὴν
971 423 1203 494 κεφαλὴν
1232 447 1320 493 μιν
1346 425 1626 480 κόπτεσθαι
1651 427 1862 496 μεγάλα

272 509 491 566 βοῶντα,
521 506 589 560 ὣς
624 505 716 557 οὒκ
751 505 935 573 ἔχοντα
970 505 1102 574 πρὸς
1139 506 1310 557 ὁκοῖον
1345 510 1446 557 τῶν
1480 503 1608 556 ὄνων
1649 493 1864 574 πρῶτον

208 601 256 640 22
274 586 537 655 τράπηται.
580 582 700 638 τοὺς
726 583 782 635 δὲ
811 583 1094 651 φυλάκους,
1125 583 1191 636 ὣς
1219 581 1344 634 ἰδεῖν
1367 581 1534 636 πολὺν
1557 580 1744 652 ῥέοντα
1769 583 1865 633 τὸν

274 659 427 724 οἶνον,
468 661 765 732 συντρέχειν
790 660 845 716 ές
878 660 970 727 τὴν
995 661 1118 712 ὁδὸν
1147 659 1334 730 ἀγγῆἳα
1372 663 1601 728 ἔχοντας,
1641 661 1726 712 καὶ
1769 662 1864 712 τὸν

275 740 605 809 ἐκκεχυμένον
647 735 785 792 οἶνον
828 737 1154 808 συγκομίζειν
1199 738 1256 790 έν
1301 739 1468 810 κέρδεϊ
1505 737 1860 806 ποιευμένους·

276 821 363 871 τὸν
405 819 461 871 δὲ
510 817 950 888 διαλοιδορέεσθαι
990 819 1143 878 πᾶσι,
1191 817 1350 887 ὀργὴν
1393 814 1858 887 προσποιεύμενον.

208 909 258 950 28
276 895 731 966 παραμυθευμένων
769 896 823 949 δὲ
860 895 1013 948 αὐτὸν
1051 901 1151 948 τῶν
1185 897 1452 964 φυλάκων,
1479 897 1652 966 χρόνῳ
1692 891 1858 964 πρηΰ-

276 973 454 1027 νεσθαι
494 973 921 1044 προσποιέεσθαι,
961 974 1044 1026 καὶ
1085 973 1326 1027 ὑπίεσθαι
1352 975 1441 1041 τῆς
1475 973 1654 1044 ὀργῆς·
1708 973 1862 1027 τέλος

276 1053 349 1112 δὲ,
378 1051 627 1118 ἐξελάσαι
662 1052 815 1104 αὐτὸν
848 1051 966 1106 τοὺς
1007 1049 1151 1106 ὅνους
1189 1051 1246 1104 ἐκ
1281 1053 1372 1120 τῆς
1415 1053 1556 1112 ὁδοῦ,
1589 1052 1674 1103 καὶ
1707 1071 1857 1103 κατα-

210 1142 261 1182 24
278 1131 557 1194 σκευάζειν.
602 1131 671 1184 ὥς
696 1130 752 1182 δε
770 1133 958 1200 λόγους
984 1151 1040 1182 τε
1065 1131 1278 1184 πλείους
1303 1129 1615 1206 ἐγγίνεσθαι,
1641 1129 1726 1181 καί
1751 1150 1861 1181 τινα

277 1209 359 1260 και
387 1208 602 1278 σκῶψαί
625 1227 711 1274 μιν
738 1209 819 1260 καὶ
844 1205 903 1262 ές
926 1209 1130 1277 γέλωτα
1164 1204 1570 1284 προαγαγέσθαι,
1599 1207 1862 1261 ἐπιδοῦναι

279 1287 481 1340 αὐτοῖσι
520 1291 621 1338 τῶν
654 1286 829 1339 ἀσκῶν
866 1286 967 1339 ἕνα·
1025 1287 1144 1340 τοὺς
1183 1288 1239 1340 δε
1273 1285 1510 1344 αὖτοῦ.”
1479 1307 1659 1356 ωσπερ
1699 1307 1858 1354 ειχον,

281 1363 667 1418 κατακλιθέντας
696 1364 859 1417 πίνειν
886 1365 1220 1425 διανοέεσθαι,
1249 1365 1332 1416 καὶ
1371 1363 1562 1416 ἐκεῖνον
1587 1366 1857 1435 παραλαμ-

281 1446 473 1508 βάνειν,
504 1443 585 1496 καὶ
632 1441 855 1495 κελεύειν
900 1441 1006 1510 μετ’
1052 1445 1250 1496 ἑωυτῶν
1287 1443 1523 1510 μείναντα
1569 1442 1855 1509 συμπίνειν·

216 1531 266 1574 8³
281 1524 370 1574 τὸν
396 1523 453 1575 δὲ
479 1521 750 1588 πεισθῆναί
775 1540 831 1574 τε
860 1518 939 1587 δὴ,
971 1521 1052 1572 καὶ
1079 1525 1383 1589 καταμεῖναι.
1429 1521 1498 1574 ὧς
1525 1520 1586 1572 δέ
1613 1540 1704 1588 μιν
1728 1521 1862 1588 παρὰ

282 1600 373 1667 τὴν
415 1603 575 1653 πόσιν
618 1601 955 1669 φιλοφρόνως
1001 1597 1310 1666 ἠσπάζοντο,
1355 1599 1616 1652 ἐπιδοῦναι
1661 1599 1860 1651 αὐτοῖσι

283 1679 365 1730 καὶ
390 1677 555 1730 ἄλλον
581 1684 681 1730 τῶν
700 1677 891 1730 ἀσκῶν.
934 1677 1156 1747 δαψιλέὶ·
1174 1678 1228 1730 δὲ
1249 1679 1320 1750 τῷ
1338 1681 1479 1750 ποτῷ
1505 1675 1860 1746 ’χρησαμένους

282 1757 403 1810 τοὺς
441 1757 725 1824 φυλάκους,
764 1754 1220 1826 ὑπερμεθυσθῆναι·
1273 1758 1354 1808 καὶ
1394 1753 1734 1826 κρατηθέντας
1768 1755 1860 1808 ὑπὸ

219 1840 269 1882 26
285 1836 375 1885 τοῦ
418 1831 595 1894 ὕπνου,
634 1834 789 1886 αὐτοῦ
830 1833 1050 1903 ἐνθάπερ
1087 1835 1258 1887 ἔπινον
1291 1834 1736 1901 κατακοιμηθῆναι.
1776 1836 1860 1885 τὸν

284 1911 358 1969 δὲ,
390 1910 457 1964 ὣς
481 1915 663 1980 πρόσω
689 1909 751 1978 ἦν
774 1914 866 1980 τῆς
901 1913 1094 1972 νυκτὸς,
1121 1913 1181 1963 τό
1206 1930 1264 1964 τε
1301 1918 1448 1980 σῶμα
1475 1916 1567 1964 τοῦ
1604 1912 1860 1980 ἀδελφεοῦ

286 1991 587 2049 καταλῦσαι,
618 1990 699 2041 καὶ
732 1995 833 2042 τῶν
859 1989 1106 2058 φυλάκων
1132 1989 1217 2042 ε’πὶ
1253 1988 1388 2058 λύμῃ
1416 1991 1620 2044 πάντων
1646 1991 1859 2060 ξυρῆσαι

284 2066 375 2122 τὰς
391 2067 559 2132 δεξιὰς
574 2062 839 2137 παρηΐδας·
870 2067 1106 2121 ἐπιθέντα
1121 2069 1176 2120 δὲ
1197 2069 1286 2120 τὸν
1303 2069 1444 2121 νέκυν
1459 2069 1544 2121 ἐπὶ
1563 2068 1686 2122 τοὺς
1703 2067 1856 2126 ὅνους,

285 2143 585 2199 ἀπελαύνειν
610 2145 687 2199 ἐπ’
716 2143 875 2206 οἴκου,
899 2145 1266 2198 ἐπιτελέσαντα
1291 2150 1352 2214 τῇ
1379 2148 1530 2216 μητρὶ
1550 2147 1615 2198 τὰ
1635 2167 1854 2216 προστα·

220 2242 267 2284 2⁷
286 2224 488 2290 χθέντα.
533 2226 633 2276 Τὸν
653 2225 707 2276 δὲ
732 2224 977 2288 βασιλέα,
1003 2224 1069 2277 ὣς
1089 2225 1223 2296 αὐτῷ
1244 2224 1550 2294 ἀπηγγέλθη
1571 2228 1664 2276 τοῦ
1693 2226 1854 2294 φωρὸς

286 2301 314 2348 ὁ
334 2301 473 2355 νέκυς
493 2300 897 2367 ἐκκεκλεμμένος,
918 2302 1056 2354 δεινὰ
1073 2301 1282 2354 ποιέειν·
1313 2303 1513 2356 πάντως
1534 2303 1588 2357 δὲ
1609 2305 1851 2369 βουλόμε-

288 2395 373 2424 νον
392 2377 707 2444 εὖρεθῆναι”
678 2396 823 2430 οστις
851 2380 965 2430 κοτὲ
995 2376 1068 2445 εἴη
1091 2381 1118 2430 ὁ
1139 2383 1297 2432 ταῦτα
1323 2381 1699 2448 μηχανώμενος,
1722 2381 1852 2444 ποιῆ-

221 2459 273 2502 28
290 2450 379 2497 σαί
396 2471 481 2512 μιν
496 2455 633 2512 τάδε,
654 2454 765 2518 ἐμοὶ
784 2456 877 2519 μὲν
893 2455 952 2506 οὗ
972 2458 1152 2509 πιστά
1183 2457 1276 2524 τὴν
1292 2459 1346 2510 δέ
1369 2457 1619 2527 θυγατέρα
1637 2459 1732 2524 τὴν
1746 2459 1852 2509 emu-

289 2524 377 2570 τοῦ
404 2527 607 2578 κατίσαι
633 2529 709 2581 ἐπ’
738 2529 1024 2598 οἰκήματος,
1049 2534 1400 2603 ἐντειλάμενον
1425 2537 1622 2589 πάντας
1643 2557 1704 2588 τε
1729 2534 1855 2604 ὁμοί·
