1975 2892
287 111 364 165 40
879 119 1284 164 ΗΡΟΔΟΤΟΥ
1498 163 1865 210 [Α.Ο.660-6·16.

285 232 595 303 προθέμενος
614 229 842 285 εἰιαυτὸν
867 235 1066 292 τοῦτον,
1086 229 1141 284 ἓν
1166 227 1207 305 ᾧ
1233 232 1295 299 δὴ
1323 233 1403 285 καὶ
1429 231 1630 302 ἐγένετο
1658 233 1687 299 ἡ
1714 255 1867 301 μετα-

236 319 262 358 4
284 307 440 377 βολὴ.
482 312 531 364 οἱ
559 310 614 363 δὲ
651 310 809 362 Λυδοί
843 332 899 362 τε
925 311 1007 363 καὶ
1034 312 1083 362 οἶ
1118 311 1287 377 Μῆδοι
1322 307 1434 362 ε’πεί
1470 333 1525 363 τε
1554 305 1689 363 εἶδον
1716 310 1871 364 νύκτα

285 388 396 440 ἀντὶ
441 387 624 458 ἡμέρης
668 387 952 458 γινομένην,
997 390 1086 455 τῆς
1127 390 1295 456 μάχης
1335 410 1391 441 τε
1430 387 1743 448 ἐπαύσαντο,
1790 391 1873 442 καὶ

283 468 488 533 μᾶλλόν
531 487 582 518 τι
628 465 889 519 ἔσπευσαν
931 468 1015 518 καὶ
1056 466 1341 536 ἀμφότεροι
1384 465 1583 535 εἰρήνην
1625 468 1875 519 ἑωυτοῖσι

229 553 256 596 ⁶
284 543 542 614 γενέσθω.
610 544 662 596 οἱ
713 544 770 596 δὲ
823 545 1245 610 συμβιβάσαντες
1298 545 1498 604 αὐτοὺς,
1552 542 1689 609 ἦσαν
1742 543 1873 610 οἵδε,

285 621 552 678 Συέννεσίς
596 643 652 674 τε
698 624 728 674 6
771 621 944 688 Κίλιξ,
992 623 1073 674 καὶ
1116 620 1411 688 Λαβύνητος
1450 626 1479 675 6
1516 624 1872 686 Βαβυλώνιος·

285 699 430 753 οὗτοί
456 702 560 769 σφι
587 701 672 752 καὶ
704 701 764 752 τὸ
799 698 969 769 ὅρκιον
996 701 1045 751 οἱ
1084 698 1403 755 σπεύσαντες
1445 700 1687 769 γενέσθαι
1712 698 1871 768 ἦσαν,

253 830 267 840 ,
286 779 368 830 καὶ
408 779 585 847 γάμων
610 777 912 848 ε’παλλαγὴν
945 777 1213 844 ἐποίησαν·
1256 777 1540 831 Ἀλυάττεα
1579 779 1681 848 γὰρ
1708 779 1873 848 ἔγνω-

285 876 386 909 σαν
413 857 583 908 δοῦναι
609 855 701 922 τὴν
727 855 980 926 θυγατέρα
1005 853 1237 926 Ἀρύηνιν
1262 858 1539 926 Ἀστυάγεϊ
1562 857 1633 928 τῷ
1662 857 1871 923 Κυαξά-

282 953 383 1003 ρεω
401 935 566 986 παιδί.
603 933 721 986 ἄνευ
745 935 846 1004 γὰρ
865 934 1136 1003 ἀναγκαίης
1156 934 1375 1003 ἰσχυρῆς
1397 936 1688 1001 συμβάσιες
1708 934 1871 1003 ἴσχυ-

227 1022 254 1064 8
283 1011 370 1080 ραὶ
395 1011 486 1063 οὔκ
512 1010 756 1065 ε’θέλουσι
793 1012 1083 1079 συμμένειν.
1144 1010 1329 1082 Ὀρκια
1364 1013 1419 1065 δὲ
1452 1011 1675 1078 ποιέεται
1706 1017 1873 1066 ταῦτα

255 1108 262 1116 ·
283 1089 347 1141 τὰ
373 1088 518 1143 ἔθνεα
543 1091 606 1142 τά
629 1111 728 1160 περ
755 1111 810 1142 τε
834 1089 1107 1156 Ἕλληνες·
1151 1092 1233 1143 καὶ
1267 1092 1395 1160 πρὸς
1430 1089 1680 1149 τούτοισι,
1710 1088 1872 1145 ἐπεὰν

284 1167 404 1221 τοὺς
427 1169 706 1236 βραχίονας
732 1167 1072 1236 ε’πιτάμωνται
1106 1167 1161 1222 ἔς
1195 1168 1286 1236 τὴν
1312 1163 1626 1239 ὁμοχροιΐην,
1654 1170 1716 1221 τὸ
1742 1165 1871 1237 αἷμα

285 1245 614 1312 ἀναλείχουσι
641 1245 902 1313 ἀλλήλων.

169 1313 252 1374 75
362 1325 553 1374 Τοῦτον
605 1321 666 1387 δὴ
721 1321 790 1374 ὦν
831 1323 921 1375 τὸν
970 1321 1263 1388 Ἀστυάγεα
1316 1323 1496 1390 Κῦρος,
1544 1321 1690 1374 ἐόντα
1737 1323 1869 1374 ε’ωυ-

282 1394 374 1444 τοῦ
414 1395 791 1463 μητροπάτορα,
823 1398 1309 1468 καταστρεψάμενος
1335 1399 1464 1468 ἔσχε
1492 1399 1555 1453 δι’
1583 1400 1747 1468 αἰτίην
1774 1402 1869 1470 τὴν

228 1485 254 1526 2
279 1468 384 1540 ε’γὼ
411 1469 467 1523 ἕν
492 1473 630 1524 τοῖσι
657 1471 826 1525 ὀπίσω
853 1476 1062 1544 λόγοισι
1099 1476 1351 1543 σημανέω.
1394 1478 1459 1530 τὰ
1496 1482 1721 1549 Κροῖσος
1747 1478 1865 1533 ε’πι·

281 1550 604 1617 μεμφόμενος
645 1554 716 1623 τῷ
760 1549 928 1623 Κύρῳ,
958 1553 1010 1608 ἔς
1049 1575 1105 1606 τε
1144 1554 1207 1606 τὰ
1248 1554 1538 1625 χρηστήρια
1577 1558 1788 1624 ἔπεμπε,
1817 1559 1867 1610 εί

283 1625 617 1696 στρατεύηται
643 1627 728 1682 ἐπὶ
765 1629 993 1699 Πέρσας,
1022 1633 1102 1685 καὶ
1140 1631 1199 1698 δὴ
1227 1634 1309 1685 καὶ
1344 1633 1649 1701 ἀπικομένου
1687 1657 1863 1705 χρησ-

277 1707 376 1770 μοῦ
403 1703 671 1772 κιβδήλου,
701 1706 922 1762 ἐλπίσας
946 1711 1077 1778 πρὸς
1112 1712 1302 1763 ἑωυτοῦ
1334 1713 1423 1764 τὸν
1449 1715 1687 1783 χρησμὸν
1714 1709 1863 1774 εἶναι,

221 1793 249 1836 8
279 1780 613 1851 ἐστρατεύετο
652 1783 707 1838 ἐς
743 1785 834 1852 τὴν
859 1787 1106 1857 Περσέων
1141 1790 1342 1858 μοῖραν.
1423 1789 1513 1844 Ὠς
1550 1792 1605 1844 δὲ
1648 1791 1863 1845 ἀπίκετο

275 1858 363 1912 ἐπὶ
397 1861 486 1911 τὸν
511 1858 678 1913 ‘Akme
701 1865 930 1930 ποταμὸν
956 1868 984 1917 6
1023 1868 1265 1935 Κροῖσος,
1302 1869 1360 1920 τὸ
1387 1867 1634 1930 ἐνθεῦτεν,
1664 1870 1734 1924 ὣς
1764 1872 1863 1938 μὲν

274 1932 377 2005 ἐγὼ
422 1937 580 2006 λέγω,
629 1940 755 1992 κατὰ
799 1942 892 1995 τὰς
940 1941 1131 1998 εὀύσας
1168 1943 1401 2015 γεφύρας
1446 1947 1722 2011 διεβίβασε
1767 1951 1861 2003 τὸν

275 2017 515 2082 στρατόν·
561 2017 629 2071 ὧς
655 2018 710 2071 δὲ
738 2019 766 2070 6
792 2022 993 2075 πολλὸς
1026 2023 1187 2092 λάγος
1226 2021 1507 2090 Ἑλλήνων,
1539 2027 1712 2093 Θαλῆς
1748 2028 1800 2078 οἱ
1828 2031 1861 2080 6

221 2108 246 2148 4
275 2089 536 2159 Μιλήσιος
562 2094 854 2159 διεβίβασε.
896 2097 1205 2168 ἀπορέοντος
1242 2101 1343 2171 γὰρ
1381 2101 1611 2172 Κροίσου
1648 2104 1777 2158 ὅκως
1806 2107 1861 2157 οἱ

276 2169 574 2239 διαβήσεται
601 2175 690 2226 τὸν
715 2176 944 2242 ποταμὸν
969 2179 1264 2248 ὁστρατὸς,
1296 2173 1384 2249 (οὗ
1410 2181 1511 2250 γὰρ
1540 2181 1600 2248 δὴ
1628 2176 1757 2234 εἷναί
1782 2203 1859 2234 κω

270 2251 453 2302 τοῦτον
477 2251 566 2304 τὸν
590 2253 778 2322 χρόνον
803 2244 893 2308 τᾶς
926 2253 1158 2325 γεφύρας
1193 2251 1423 2325 ταύτας,)
1451 2260 1656 2327 λέγεται
1690 2281 1857 2329 παρε-

269 2327 391 2378 όντα
423 2329 514 2380 τὸν
549 2331 724 2397 Θαλῆν
757 2330 816 2383 ἐν
840 2334 912 2404 τῷ
955 2334 1304 2406 στρατοπέδῳ,
1334 2339 1548 2403 ποιῆσαι
1588 2338 1725 2410 αὐτῷ
1762 2339 1857 2390 τὸν

270 2406 512 2469 ποταμὸν,
541 2405 602 2472 ἐξ
628 2408 900 2478 ἀριστερῆς
934 2413 1108 2479 χειρὸς
1148 2410 1329 2480 ῥέοντα
1365 2417 1456 2466 τοῦ
1491 2418 1734 2477 στρατοῦ.
1766 2417 1855 2468 καὶ

215 2493 246 2535 6
267 2476 325 2528 ἐκ
359 2479 527 2547 δεξιῆς
564 2483 715 2551 ῥέειν·
758 2489 972 2552 ποιῆσαι
1007 2488 1061 2540 δὲ
1098 2489 1213 2540 ὧδε.
1257 2489 1449 2543 ἄνωθεν
1482 2495 1576 2544 τοῦ
1620 2513 1849 2562 στρατο-

266 2553 422 2606 πέδου
467 2559 766 2625 ἀρξάμενον,
811 2564 1036 2632 διώρυχα
1084 2566 1277 2632 βαθέην
1328 2567 1597 2637 ὀρύσσειν,
1650 2571 1847 2642 ἄγοντα
