1975 2892
551 85 1043 133 ΘΑΛΕΙΑ.-ιιι.
1074 85 1245 147 61-64.
1572 85 1687 137 255

92 146 160 186 01.
181 147 243 187 64.
264 147 322 195 3.]

100 200 301 253 ἐκείνου
354 200 597 271 νεώτερον
648 200 1059 269 ἅναβλαστῆσει.
1119 206 1208 257 νῦν
1261 202 1331 257 ὧν
1375 224 1463 271 μοι
1510 202 1731 263 δοκέει,ὄ

97 278 510 345 μεταδιώξαντας
549 280 639 332 τὸν
675 278 881 351 κήρυκα,
922 281 1175 347 ἐξετάζειν
1210 280 1537 351 εἰρωτεῦντας
1572 277 1694 350 παρ’

97 354 222 409 ὅτευ
241 356 376 423 ἥκων
393 355 728 428 προαγορεύει
749 357 866 426 ἡμῖν
893 358 1136 430 Σμέρδιος
1159 359 1414 425 βασιλέος
1434 356 1691 413 ἆκούειν.”

105 434 280 484 Ταῦτα
314 430 546 488 εἴπαντος
581 432 938 503 Πρηξάσπεος,
963 434 1121 501 ἤρεσε
1154 432 1255 503 γὰρ
1289 433 1563 502 Καμβύσῃ,
1591 435 1679 487 αὖ·
1706 437 1783 491 63

108 510 227 563 τίκα
259 512 595 579 μεταδίωκτος
628 513 896 581 γενόμενος
923 512 952 561 ὁ
979 510 1137 581 κῆρυξ
1172 510 1277 578 ἧκε.
1322 511 1597 583 ἀπιγμένον
1624 514 1683 567 δέ

97 609 188 656 μιν
225 583 388 657 εἴρετο
425 589 454 639 ὁ
496 586 816 657 Πρηξάσπης
851 588 990 641 τάδε·
1078 585 1423 658 “”Ωνθρωπε,
1454 588 1559 657 φὴς
1589 588 1728 660 γὰρ2

99 665 242 733 ἥκειν
267 666 406 735 παρὰ
437 664 678 734 Σμέρδιος
705 668 798 718 τοῦ
831 663 1004 737 Κύρου
1031 665 1269 738 ἅγγελος·
1315 669 1403 720 νῦν
1431 666 1517 727 ὧν,
1547 664 1690 722 εἴπας

99 744 195 811 τὴν
231 737 496 811 ἆληθηΐην,
526 742 672 796 ἄπιθι
706 744 919 815 χαίρων.
964 747 1147 815 κότερα
1183 745 1335 800 αὐτός
1360 767 1442 798 τοι
1478 744 1729 815 Σμέρδις3

101 825 410 892 φαινόμενος
437 822 488 876 ἐς
515 820 646 892 ὄψιν
671 822 974 880 ἐνετέλλετο
1002 826 1177 885 ταῦτα,
1207 823 1237 892 ἢ
1266 830 1367 878 τῶν
1393 846 1471 880 τις
1498 824 1689 877 ἐκείνου

101 901 392 971 ὑπηρετέων
413 896 477 961 ;”
519 898 579 952 ‘O
635 901 691 954 δὲ
745 896 872 953 εἶπε·
941 906 976 929 “
999 901 1137 972 Ἐγὼ
1189 902 1405 975 Σμέρδιν
1455 903 1549 971 μὲν
1600 904 1729 957 τὸν4

103 978 294 1050 Κύρου,
318 979 376 1045 ἐξ
401 977 523 1031 ὅτου
548 979 802 1042 βασιλεὺς
829 980 1115 1051 Καμβύσης
1140 983 1311 1049 ἤλασε
1331 983 1383 1036 ές
1409 978 1686 1051 Αἴγυπτον,

101 1061 166 1111 οὔ
191 1078 263 1111 κω
289 1056 490 1111 ὄπωπα·
535 1060 564 1109 ὁ
605 1056 664 1110 δέ
694 1080 782 1126 μοι
819 1059 1017 1130 Μάγος,
1047 1061 1136 1113 τὸν
1174 1056 1457 1128 Καμβύσης
1482 1060 1686 1131 ε’πίτρο-

99 1158 203 1190 πον
237 1141 339 1189 τῶν
373 1135 544 1190 οἰκίων
579 1135 812 1203 ἀπέδεξε,
851 1136 1001 1193 οὗτος
1043 1141 1201 1192 ταῦτα
1236 1139 1541 1199 ἐνετείλατο,
1582 1139 1691 1207 φὰς

103 1214 320 1285 Σμέρδιν
364 1216 454 1267 τὸν
500 1210 671 1284 Κύρου
706 1210 840 1269 ἐἶναι
884 1218 974 1271 τὸν
1014 1219 1173 1270 ταῦτα
1211 1216 1506 1285 ἐπιθέμενον
1551 1213 1689 1271 εἶπαι

101 1295 232 1364 πρὸς
271 1288 483 1360 ὑμέας.”
563 1292 624 1345 ‘O
667 1292 760 1362 μὲν
801 1292 862 1361 δή
909 1297 1013 1365 σφι
1055 1296 1229 1366 ἔλεγε,
1265 1296 1413 1349 οὐδὲν
1454 1296 1725 1349 {mutare-⁶

101 1370 420 1442 ψευσμένος.
491 1368 786 1440 Καμβύσης,
803 1373 859 1425 δὲ
887 1369 1014 1441 εἶπε·
1062 1378 1099 1399 “
1117 1371 1450 1442 Πρήξασπες,
1480 1374 1549 1426 σὺ
1574 1374 1686 1441 μὲν,

102 1446 188 1503 οἶα
221 1449 348 1520 ἀνὴρ
383 1448 574 1514 ἀγαθὸς
598 1448 822 1517 ποιήσας
857 1452 917 1503 τὸ
953 1454 1302 1518 κελευόμενον,
1341 1450 1506 1518 αἰτίην
1540 1452 1687 1505 ἐκπέ-

102 1530 320 1598 φευγας·
381 1528 494 1595 ἐμοὶ
539 1528 595 1581 δὲ
637 1528 716 1583 τίς
761 1528 822 1582 ἂν
864 1526 938 1595 εἴη
985 1527 1235 1598 Περσέων
1276 1531 1305 1582 ὁ
1351 1529 1686 1592 ἐπανεστεὼς,

103 1603 419 1671 ἐπιβατεύων
471 1610 564 1659 τοῦ
617 1606 859 1676 Σμέρδιος
911 1607 1190 1675 οὐνόματος
1207 1603 1271 1667 ;”
1331 1606 1392 1660 ‘O
1448 1608 1503 1660 δὲ
1558 1604 1683 1661 εἷπε·
1704 1630 1731 1671 ο

105 1689 143 1712 “
163 1684 299 1754 Ἐγώ
326 1705 414 1753 μοι
431 1683 588 1737 δοκέω
611 1684 836 1753 συνιέναι
855 1687 915 1739 τὸ
940 1687 1153 1756 γεγονὸς
1179 1688 1351 1746 τοῦτο,
1376 1684 1415 1737 ὦ
1440 1688 1684 1751 βασιλεῦ.

103 1764 154 1816 οἱ
182 1764 353 1834 Μάγοι
381 1762 488 1815 εἶσί
511 1784 593 1815 τοι
619 1764 669 1817 οἷ
695 1762 1089 1824 ἐπανεστεῶτες,
1118 1766 1207 1817 τόν
1232 1786 1291 1817 τε
1325 1764 1506 1819 ἔλιπες
1531 1767 1685 1833 μελε-

103 1843 264 1895 δωνὸν
305 1846 406 1894 τῶν
439 1840 629 1901 οἰκίων,
662 1842 981 1909 Πατιζείθης,
1022 1844 1102 1895 καὶ
1136 1846 1165 1896 ὁ
1206 1840 1389 1895 τούτου
1430 1842 1689 1912 ἀδελφεὸς

103 1914 376 1990 Σμέρδις.”
496 1920 748 1974 Ἐνθαῦτα
762 1919 1052 1975 ἀκούσαντα
1070 1919 1353 1990 Καμβύσεα
1369 1923 1428 1974 τὸ
1446 1922 1688 1992 Σμέρδιος
1704 1924 1783 1978 64

101 2001 311 2065 οὔνομα,
334 1998 498 2069 ἔτυψε
524 1998 554 2067 ἦ
583 1993 798 2067 άληθηΐη
825 2004 926 2053 τῶν
945 2022 1003 2052 τε
1027 2002 1199 2070 λόγων
1221 2002 1301 2053 καὶ
1318 2004 1409 2053 τοῦ
1429 2000 1684 2054 ἐνυπνίου·

101 2075 161 2131 ὃς
183 2075 352 2139 ἐδόκεε
378 2076 434 2130 έν
458 2081 531 2149 τῷ
550 2074 690 2149 ὕπνῳ
711 2078 1024 2149 ἀπαγγεῖλαί
1050 2080 1161 2131 τινά
1180 2080 1248 2140 οἷ,
1268 2079 1336 2133 ὡς
1353 2078 1564 2149 Σμέρδις
1582 2080 1684 2143 ἱζό-

97 2176 253 2224 μενος
277 2153 330 2209 ἒς
357 2156 446 2209 τὸν
470 2154 752 2223 βασιλήϊον
790 2155 972 2226 θρόνον
999 2153 1227 2225 ψαύσειε
1266 2158 1327 2223 τῇ
1364 2157 1566 2224 κεφαλῇ
1596 2160 1687 2208 τοῦ

98 2233 336 2302 οὐρανοῦ.
379 2233 554 2300 μαθὼν
578 2234 636 2287 δὲ
665 2235 732 2289 ὣς
756 2235 918 2301 μάτην
944 2234 1288 2297 ἀπολωλεκὼς
1314 2230 1388 2299 εἴη
1418 2236 1506 2286 τὸν
1532 2234 1683 2286 ἀδελ·
1702 2250 1727 2291 2

98 2312 250 2381 φεὸν,
289 2310 532 2365 ἀπέκλαιε
566 2312 798 2383 Σμέρδιν.
843 2310 1177 2366 ἀποκλαύσας
1210 2311 1283 2373 δὲ,
1322 2312 1404 2364 καὶ
1446 2332 1685 2381 περιημε-

98 2387 293 2456 κτήσας
312 2395 374 2457 τῇ
393 2391 569 2458 ἁπάσῃ
592 2392 856 2461 συμφορῇ,
876 2392 970 2444 ἀνα
1003 2392 1193 2461 ρώσκει
1213 2389 1301 2443 ε’πὶ
1326 2391 1415 2442 τὸν
1440 2387 1614 2448 ἵππον,
1633 2388 1689 2443 έν

97 2470 200 2539 νόῳ
226 2468 360 2535 ἔχων
386 2468 478 2535 τὴν
511 2469 764 2537 ταχίστην
790 2468 844 2523 ἒς
877 2472 1053 2522 Σοῦσα
1089 2466 1463 2538 στρατεύεσθαι
1490 2468 1573 2521 ἐπὶ
1599 2469 1689 2522 τὸν

97 2545 304 2617 Μάγον.
347 2546 430 2599 καί
455 2547 505 2599 οἱ
531 2547 911 2618 ἀναθρώσκοντι
939 2548 1023 2601 ἐπὶ
1049 2548 1138 2601 τὸν
1164 2543 1338 2609 ἵππον,
1360 2550 1453 2601 τοῦ
1474 2548 1724 2600 κουλεοῦ8
