1975 2892
306 109 417 167 116
882 118 1290 164 ΗΡοΔοΤοΥ

226 179 231 183 ·
1639 170 1709 218 [Α.
1729 171 1778 211 c.
1795 170 1888 211 529.

300 232 332 300 ἦ
358 231 502 303 ὄψις,
520 230 745 286 καλέσας
766 230 1085 290 Ὑστάσπεα,
1109 231 1190 284 καὶ
1216 229 1498 293 ἀπολαβὼν
1521 230 1727 297 μοῦνον,
1751 224 1889 281 εἶπε·

259 328 285 369 ι
306 309 667 370 ““”Υστασπες,
694 312 813 363 παῖς
840 310 936 363 σὸς
961 306 1314 373 ἐπιβουλεύων
1341 307 1454 374 ἐμοί
1487 328 1545 359 τε
1579 305 1664 359 καὶ
1689 308 1756 373 τῇ
1793 308 1892 374 ἐμῇ

301 389 434 458 ἀρχῇ
462 389 672 440 ἑάλωκε·
718 388 786 443 ὣς
812 386 868 440 δὲ
888 390 1048 439 ταῦτα
1071 387 1321 457 ἀτρεκέως
1347 382 1478 445 οἶδα,
1498 385 1599 453 ἐγὼ
1623 386 1888 451 σημανέω.

257 486 283 526 ⁶
304 466 423 534 έμεῦ
466 464 574 518 θεοὶ
616 462 867 533 κήδονται,
912 464 996 517 καί
1040 486 1126 532 μοι
1171 466 1336 517 πάντα
1379 460 1780 534 προδεικνύουσι
1825 464 1894 515 τὰ

228 590 235 596 .
303 544 662 613 ἐπιφερόμενα·
712 543 807 611 ἤδη
844 542 914 595 ὧν
948 541 1006 595 ἐν
1039 542 1103 610 τῇ
1135 541 1482 612 παροιχομένῃ
1521 540 1664 593 νυκτὶ
1699 538 1889 601 εὕδων,

302 616 437 675 εἶδον
462 627 563 674 τῶν
590 626 699 674 σῶν
723 621 917 674 παίδων
941 622 1034 674 τὸν
1059 618 1421 690 πρεσβύτατον
1445 620 1633 688 ἔχοντα
1667 616 1760 671 ἐπὶ
1785 624 1895 672 τῶν

302 697 453 766 ὤμων
476 698 749 770 πτέρυγας·
791 698 871 752 καὶ
903 698 1124 751 τουτέων
1159 700 1220 766 τῇ
1256 697 1350 766 μὲν
1387 697 1479 765 τὴν
1503 696 1708 763 Ἀσίην,
1735 700 1805 763 τῇ
1835 698 1894 750 δὲ

261 775 396 841 Ἰτὴν
418 777 665 845 Εὐρώπην
691 776 1020 842 ἐπισκιάζειν.
1075 779 1239 829 οὔκων
1265 775 1383 829 ἐστὶ
1415 774 1612 844 μηχανὴ
1651 775 1758 827 άπὸ
1798 778 1895 843 τῆς

303 853 460 924 ὄψιος
487 851 669 921 ταύτης
704 855 929 923 οὐδεμία,
958 856 1018 907 τὸ
1053 854 1121 923 μὴ
1159 857 1322 908 κεῖνον
1357 850 1718 918 ἐπιβουλεύειν
1743 850 1890 921 ἐμοί.

303 930 372 983 σὺ
397 930 568 985 τοίνυν
591 931 683 1000 τὴν
716 933 967 1002 ταχίστην
1001 930 1217 1003 πορεύεο
1253 932 1424 985 ὀπίσω
1445 930 1513 987 ,ἐς
1535 929 1774 1000 Πέρσας,
1805 932 1896 985 καὶ

299 1008 442 1062 ποίεε
468 1007 596 1065 ὅκως
620 1008 774 1065 ἐπεὰν
798 1010 901 1081 ἐγὼ
928 1012 1050 1064 τάδε
1075 1010 1560 1079 καταστρεψάμενος
1587 1008 1730 1061 ἔλθω
1757 1008 1890 1071 ἐκεῖ,

165 1092 283 1146 210
301 1087 367 1143 ὥς
391 1108 479 1156 μοι
505 1086 830 1157 καταστήσῃς
855 1091 945 1143 τὸν
968 1090 1126 1142 παῖδα
1151 1086 1204 1143 ἐς
1230 1085 1515 1159 ἔλεγχον.”
1712 1091 1896 1157 Κῦρος

298 1165 391 1233 μὲν
417 1164 605 1219 δοκέων
630 1169 845 1236 Δαρεῖόν
869 1168 919 1219 οἱ
944 1165 1319 1232 ἐπιβουλεύειν,
1348 1168 1501 1237 ἔλεγε
1533 1166 1675 1219 τάδε·
1722 1170 1802 1237 τῷ
1832 1168 1892 1219 δὲ

299 1245 328 1295 ὁ
368 1241 559 1311 δαίμων
594 1243 893 1313 προέφαινε,
924 1246 992 1301 ὥς
1031 1245 1183 1300 αὐτὸς
1220 1245 1314 1313 μὲν
1351 1242 1682 1311 τελευτήσειν
1721 1245 1892 1297 αὐτοῦ

299 1318 454 1388 ταύτῃ
505 1320 717 1390 μέλλοι,
764 1320 797 1388 ἡ
850 1324 907 1377 δὲ
957 1318 1209 1391 βασιληΐη
1261 1323 1418 1376 αὐτοῦ
1467 1322 1782 1393 περιχωρέοι
1833 1321 1894 1377 ἐς

260 1418 287 1458 2
300 1401 531 1470 Δαρεῖον.
613 1397 907 1467 Ἀμείβεται
943 1401 1004 1470 δὴ
1033 1400 1103 1455 ὧν
1128 1405 1157 1454 ὁ
1183 1400 1482 1467 Ὑστάσπης
1512 1400 1714 1453 τοισδε·
1787 1396 1892 1453 *Ὠ

296 1480 542 1543 βασιλεῦ,
570 1476 639 1547 μὴ
678 1475 755 1545 εἴη
788 1478 915 1550 άνὴρ
941 1479 1150 1549 Πέρσης
1183 1480 1422 1550 γεγονὸς,
1451 1478 1598 1533 ὅστις
1636 1498 1724 1531 τοι
1762 1478 1892 1532 ε’πι-

296 1554 595 1620 βουλεύσει·
649 1555 696 1609 εἶ
735 1554 778 1610 δ’
806 1558 941 1619 ἔστι,
970 1558 1219 1611 ἀπόλοιτο
1259 1558 1328 1612 ὥς
1365 1558 1610 1625 τάχιστα·
1663 1554 1729 1612 ὃς
1767 1557 1892 1612 ἄντι

297 1634 391 1701 μὲν
416 1632 633 1697 δούλων,
660 1633 909 1703 ἐποίησας
933 1635 1233 1707 ἐλευθέρους
1258 1636 1464 1705 Πέρσας
1492 1630 1635 1687 εἶναι·
1677 1635 1800 1688 ἀντὶ
1827 1636 1890 1689 δὲ

257 1731 286 1772 a
299 1710 551 1781 αρχεσθαι
596 1710 683 1767 ὑπ’
726 1713 915 1774 ἄλλων,
960 1712 1140 1784 αρχειν
1183 1714 1434 1767 ἁπάντων.
1486 1712 1534 1765 εἶ
1573 1712 1636 1766 δέ
1672 1713 1760 1769 τίς
1801 1735 1890 1767 τοι

298 1787 425 1858 ὄψις
466 1790 790 1862 ἀπαγγέλλει
834 1792 994 1845 παῖδα
1037 1794 1129 1845 τὸν
1171 1790 1296 1860 ἐμὸν
1340 1793 1558 1861 νεώτερα
1597 1790 1890 1853 βουλεύειν

296 1867 414 1935 περὶ
441 1867 553 1928 σέο,
583 1868 685 1939 ἐγώ
712 1890 792 1921 τοι
816 1870 1136 1940 παραδίδωμι
1160 1868 1389 1939 χρῆσθαι
1423 1870 1558 1942 αὐτῷ
1583 1871 1743 1922 τοῦτο
1771 1869 1806 1923 ὅ
1831 1893 1888 1923 τι

298 1944 369 1995 σὺ
406 1941 683 2007 βούλεαι.”
762 1946 1062 2014 Ὑστάσπης
1098 1969 1194 2016 μεν
1231 1945 1462 2001 τούτοισι
1501 1947 1884 2017 ἀμειψάμενος,

297 2020 379 2074 και
405 2022 586 2087 διαβὰς
616 2026 705 2077 τὸν
729 2023 966 2096 Ἀράξεα,
994 2023 1130 2093 ἤῖε’
1104 2048 1158 2081 ες
1183 2025 1410 2096 Πέρσας,
1439 2025 1694 2095 φυλάξων
1721 2025 1886 2100 Κύρῳ

296 2100 386 2153 τὸν
408 2101 565 2154 παῖδα
591 2104 824 2172 Δαρεῖον.

163 2177 278 2233 211
374 2182 541 2248 Κῦρος
578 2178 635 2232 δὲ
672 2178 941 2249 προελθὸν
978 2178 1080 2233 ἀπὸ
1119 2182 1212 2234 τοῦ
1240 2177 1468 2278 Ἀράξεω
1503 2177 1690 2249 ἡμέρης
1727 2182 1874 2245 ὁδὸν,

258 2256 461 2310 πέποίεε
494 2256 586 2311 τὰς
622 2256 852 2325 Κροίσου
887 2255 1158 2325 ὑποθήκας.
1237 2258 1366 2326 μετὰ
1401 2258 1456 2311 δε
1490 2261 1664 2319 ταῦτα,
1694 2256 1877 2330 Κύρου

291 2353 349 2385 τε
396 2333 479 2385 καὶ
523 2332 771 2405 Περσέων
815 2340 907 2387 τοῦ
952 2334 1178 2405 καθαροῦ
1230 2339 1455 2407 στρατοῦ
1507 2335 1878 2394 ἀπελάσαντος

293 2406 463 2460 ὀπίσω
506 2410 593 2464 ἐπὶ
635 2413 725 2464 τὸν
762 2408 999 2480 Ἀράξεα,
1047 2412 1352 2481 λειφθέντος
1394 2414 1448 2467 δε
1495 2418 1587 2467 τοῦ
1629 2411 1874 2484 ἆχρηιου,

292 2478 587 2538 ἐπελθοῦσα
614 2492 714 2539 τῶν
740 2490 1130 2558 Μασσαγετέων
1164 2493 1456 2563 τριτημορὶς
1490 2495 1582 2544 τοῦ
1619 2498 1874 2563 στρατοῦ,

291 2554 412 2612 τούς
436 2578 492 2611 τε
516 2561 823 2631 λειφθέντας
846 2566 933 2632 τῆς
962 2565 1136 2637 Κύρου
1163 2590 1406 2639 στρατιης
1435 2569 1652 2641 ἐφόνευε
1677 2571 1874 2641 ἀλεξο-

1963 2114 1966 2235 1
