1975 2892
119 212 168 250 01
202 213 340 262 aa]
415 147 1122 195 MEAHOMENH.—1v.
1158 144 1387 206 180-184.
1584 141 1698 194 889

125 287 263 318 ουσι.
473 266 604 321 Ἀπὸ
631 267 686 321 δὲ
713 267 968 336 Αὐγίλων,
992 267 1075 320 διὰ
1102 266 1220 320 δέκα
1246 266 1470 338 ἡμερέων
1495 267 1699 321 ἀλλέων
1715 270 1828 326 183

125 345 262 404 ὁδοῦ,
293 344 463 417 ἕτερος
488 347 613 401 ἁλὸς
639 346 881 405 κολωνὸς,
910 345 993 396 καὶ
1020 342 1172 415 ὕδωρ,
1204 348 1285 398 καὶ
1320 347 1548 414 φοίνικες
1575 367 1695 416 καρ-

123 426 351 491 ποφόροι
396 426 604 487 πολλοὶ,
651 425 872 492 κατάπερ
920 425 1001 474 καὶ
1049 424 1102 476 ἐν
1148 427 1286 476 τοῖσι
1331 425 1570 494 ἑτέροισι·
1617 426 1699 477 καὶ

120 500 378 571 ἅνθρωποι
417 502 645 555 οἰκέουσι
688 502 742 553 ἐν
786 501 939 573 αὐτῷ,
968 504 1108 553 τοῖσι
1150 504 1337 568 οὕνομα
1382 502 1701 569 Γαράμαντές

119 580 256 636 ἐστι,
271 580 414 634 ἔθνος
451 580 582 650 μέγα
619 578 866 648 ἰσχυρῶς·
909 575 960 630 οἳ
996 579 1079 632 ε’πὶ
1116 581 1203 632 τὸν
1238 581 1339 631 ἅλα
1373 582 1471 651 γῆν
1506 581 1693 649 ἐπιφο-

117 658 339 728 ρέοντες,
370 655 502 710 οὕτω
532 657 824 726 σπείρουσι·
872 659 1263 725 συντομώτατον
1288 656 1331 710 δ’
1362 658 1476 710 ἐστὶ
1504 657 1555 712 ἐς
1581 658 1700 713 τοὺς

119 737 490 806 Λωτοφάγους,
521 735 575 788 ε’κ
610 740 710 787 τῶν
734 733 1004 804 τριήκοντα
1038 734 1261 803 ἡμερέων
1286 735 1338 790 ές
1372 735 1556 790 αὐτοὺς
1582 736 1702 790 ὁδός

117 813 255 865 ε’στι·
297 816 349 866 ἐν
369 817 507 866 τοῖσι
527 815 609 866 καὶ
629 814 677 865 οἱ
697 813 1034 882 ὀπισθονόμοι
1052 817 1177 877 βόες
1194 813 1436 884 γίνονται·
1478 813 1695 866 όπισθο-
1712 830 1735 868 2

117 894 266 957 νόμοι
295 892 350 944 δὲ
379 892 460 944 διὰ
495 893 612 944 τόδε
639 891 762 943 εἶσί·
806 892 870 944 τὰ
896 893 1043 962 κέρεα
1069 893 1251 960 ἔχουσι
1280 894 1535 960 κεκυφότα
1562 892 1615 946 ἐς
1640 892 1699 944 τὸ

118 969 403 1038 ἔμπροσθε·
449 970 532 1022 διὰ
558 973 710 1022 τοῦτο
737 970 906 1022 ὀπίσω
933 970 1323 1040 ἀναχωρέοντες,
1355 971 1601 1038 νέμονται·
1649 970 1735 1024 ε’ςῖ

116 1047 222 1118 γὰρ
257 1048 316 1100 τὸ
351 1047 615 1117 ἔμπροσθε
651 1047 742 1100 οὐκ
777 1043 878 1100 οἷοί
912 1048 971 1100 τέ
1004 1047 1125 1106 εἶσι,
1154 1051 1624 1118 προεμβαλλόντων
1648 1048 1702 1102 ές

115 1125 212 1192 τὴν
251 1127 348 1196 γῆν
386 1131 488 1179 τῶν
527 1125 727 1195 κερέων·
796 1126 931 1179 ἄλλο
971 1126 1027 1178 δὲ
1069 1125 1215 1180 οὐδὲν
1254 1126 1561 1197 διαφέρουσι
1601 1131 1738 1180 rem

116 1204 299 1255 ἄλλων
323 1207 464 1268 βοῶν
490 1203 569 1257 ὅτι
594 1204 662 1272 μὴ
689 1207 860 1265 τοῦτο,
890 1206 973 1257 καὶ
1008 1206 1067 1257 τὸ
1095 1205 1253 1275 δέρμα
1279 1205 1330 1260 ἐς
1354 1203 1620 1274 παχύτητά
1645 1226 1701 1256 τε

117 1283 204 1334 καὶ
231 1283 431 1352 τρίψιν.
516 1284 580 1335 Οἱ
604 1284 921 1352 Γαράμαντες
946 1283 1004 1335 δὲ
1030 1281 1171 1336 οὗτοι
1192 1283 1310 1338 τοὺς
1334 1281 1703 1354 Τρωγλοδύτας
1716 1296 1739 1334 5

117 1359 370 1414 Αἰθίοπας
399 1358 672 1430 θηρεύουσι
699 1363 838 1413 τοῖσι
864 1359 1212 1430 τεθρίπποισι.
1256 1363 1305 1413 οἱ
1330 1362 1431 1432 γὰρ
1457 1362 1699 1431 Τρωγλο-

119 1435 268 1491 δύται
307 1437 548 1493 Αἷθίοπες
571 1439 731 1492 πόδας
766 1439 1005 1506 τάχιστοι
1041 1439 1319 1509 ἀνθρώπων
1350 1438 1553 1492 πάντων
1578 1436 1703 1503 εἶσὶ,

119 1521 224 1568 τῶν
251 1514 392 1583 ἡμεῖς
425 1517 542 1588 πέρι
575 1518 769 1586 λόγους
802 1517 1220 1586 ἀποφερομένους
1254 1513 1517 1584 ἀκούομεν.
1561 1518 1741 1570 ‹rari-6

121 1615 266 1646 ονται
287 1595 341 1647 δέ
363 1596 412 1646 οἱ
438 1592 799 1665 Τρωγλοδύται
825 1593 948 1663 ὄφις
967 1595 1051 1646 καὶ
1070 1592 1282 1664 σαῦρας,
1302 1594 1383 1646 καὶ
1409 1594 1472 1646 τὰ
1497 1597 1705 1646 τοιαῦτα

125 1677 229 1724 τῶν
272 1674 512 1742 ἑρπετῶν.
581 1676 837 1743 γλῶσσαν
883 1673 937 1726 δὲ
981 1672 1188 1740 οὐδεμιῇ
1242 1673 1377 1739 ἄλλῃ
1424 1670 1710 1741 παρομοίην

122 1751 435 1818 νενομίκασι,
465 1751 604 1805 ἀλλὰ
629 1751 912 1818 τετρίγασι,
943 1752 1167 1821 κατάπερ
1192 1752 1244 1803 αἱ
1270 1751 1569 1818 νυκτερίδες.

197 1827 329 1881 Ἀπὸ
361 1829 416 1881 δε“
453 1830 788 1898 Γαραμάντων
823 1827 886 1880 δι’
925 1828 1125 1880 ἀλλέων
1160 1828 1280 1880 δέκα
1310 1827 1533 1899 ἡμερέων
1558 1831 1701 1893 ὀδοῦ,
1725 1831 1842 1884 184

116 1905 281 1962 ἄλλος
323 1908 447 1962 ἁλός
484 1929 542 1961 τε
577 1907 813 1969 κολωνὸς,
857 1907 938 1959 καὶ
977 1903 1132 1977 ὕδωρ·
1175 1909 1256 1961 καὶ
1294 1908 1550 1979 ἅνθρωποι
1584 1912 1704 1981 περὶ

119 1986 275 2038 αὐτὸν
317 1987 559 2047 οἰκέουσι,
602 1990 742 2040 τοῖσι
783 1987 973 2054 οὔνομά
1013 1987 1128 2040 ε’στι
1167 1988 1485 2057 Ἀτάραντες·
1528 1991 1577 2042 οἱ
1616 1989 1705 2045 άν-

119 2066 309 2132 ὠνυμοί
348 2067 450 2120 εἶσι
492 2070 668 2132 μοῦνοι
709 2067 985 2133 ἀνθρώπων
1021 2071 1123 2118 τῶν
1163 2066 1305 2134 ἡμεῖς
1344 2065 1506 2134 ἴδμεν.
1550 2068 1705 2123 ἁλέσι
1732 2080 1759 2120 2

122 2155 218 2201 μεν
262 2139 361 2204 γάρ
403 2137 510 2204 σφί
548 2137 664 2189 ε’στι
703 2136 1006 2208 Ἀτάραντες
1046 2141 1253 2207 οὕνομα,
1296 2161 1369 2192 ενι
1410 2140 1465 2192 δὲ
1506 2142 1707 2212 ἑκάστῳ

124 2211 291 2264 αὐτῶν
317 2215 507 2282 οὔνομα
532 2215 680 2268 οὖδεν
701 2216 882 2268 κέεται.
925 2213 1069 2268 ουτοι
1088 2238 1159 2289 τῳ
1138 2215 1303 2288 ἡλίῳ
1324 2217 1707 2287 ὑπερβάλλοντι
1730 2233 1755 2274 ⁸

125 2290 482 2360 καταρέωνται,
512 2295 593 2346 καὶ
617 2296 748 2363 πρὸς
774 2292 1007 2347 τούτοισι
1032 2295 1195 2347 πάντα
1220 2296 1284 2347 τὰ
1309 2295 1507 2367 αισχρὰ
1531 2297 1705 2349 λοιδο-

124 2367 343 2439 ρέονται,
399 2369 479 2422 ὅτι
533 2371 702 2438 σφέας
753 2371 907 2425 καίων
948 2373 1216 2442 ἐπιτρίβει,
1265 2372 1449 2429 αὐτούς
1494 2395 1549 2427 τε
1591 2374 1711 2430 τοὺς

128 2445 442 2511 ἀνθρώπους,
473 2449 554 2501 καὶ
581 2449 673 2516 τὴν
697 2451 870 2518 χώρην
896 2451 1079 2503 αὐτῶν.
1136 2451 1283 2503 Μετὰ
1310 2452 1385 2513 δε,
1415 2451 1479 2504 δι’
1507 2453 1708 2506 ἀλλέων
1730 2465 1758 2508 4

129 2524 247 2576 δέκα
273 2523 498 2595 ἡμερέων
532 2527 672 2587 ὁδοῦ,
701 2528 864 2583 ἄλλος
901 2529 1127 2583 κολωνὸς
1151 2531 1296 2589 ἁλὸς,
1327 2530 1409 2582 καὶ
1442 2527 1597 2601 ὕδωρ,
1628 2531 1710 2584 καὶ

130 2601 387 2674 ἅνθρωποι
411 2605 530 2675 περὶ
564 2605 719 2659 αὐτὸν
743 2605 993 2662 οἰκέουσι.
1034 2608 1207 2679 ἔχεται
1233 2608 1289 2662 δὲ
1315 2611 1409 2662 τοῦ
1438 2610 1565 2664 ἁλὸς
1590 2605 1706 2662 τοὺ·
1728 2619 1759 2662 6

1849 2731 1935 2792 Α
1966 2725 1973 2820 Q
