1975 2892
623 87 995 134 ΚΛΕΙΩ.-ι.
1027 84 1197 146 57-60.
1620 93 1697 150 29

105 157 174 196 01.
188 156 254 199 55.
273 153 412 194 1-58-
430 154 489 202 8.]

110 214 456 284 ὑπερέβαλον.
501 209 680 262 ,Χίλων
705 209 762 263 δὲ
789 212 817 262 ὁ
847 211 1233 279 Λακεδαιμόνιος
1259 213 1582 283 παρατυχὼν,
1612 216 1693 268 καὶ
1714 223 1741 267 8

113 290 428 357 θεησάμενος
462 289 520 340 τὸ
556 287 721 355 τέρας,
762 287 1107 350 συνεβούλευε
1139 289 1479 362 Ἱπποκράτεϊ,
1518 297 1697 362 πρῶτα

110 390 202 436 μεν
237 369 451 437 γυναῖκα
485 367 779 418 τεκνοποιὸν
812 366 881 434 μὴ
914 366 1133 437 ἄγεσθαι
1167 367 1218 422 ἐς
1244 369 1307 420 τὰ
1338 369 1488 422 οἶκία·
1558 370 1605 422 εἶ
1637 371 1693 424 δὲ

110 441 354 516 τυγχάνει
388 445 540 513 ἔχων,
570 441 778 514 δεύτερα
804 444 896 512 τὴν
928 447 1141 515 γυναῖκα
1176 445 1463 514 ἐκπέμπειν·
1534 450 1616 500 καὶ
1648 447 1696 501 εἴ

109 523 190 579 τίς
225 524 276 576 οἱ
309 523 550 592 τυγχάνει
587 521 682 574 ἐὼν
715 524 851 582 παῖς,
889 526 1073 574 τοῦτον
1106 522 1440 576 ἀπείπασθαι·
1510 530 1691 587 οὔκων,
1712 535 1741 574 4

107 605 270 654 ταῦτα
315 600 716 670 παραινέσαντος
767 599 1017 661 Χίλωνος,
1060 599 1332 654 πείθεσθαι
1385 601 1561 655 θέλειν
1604 605 1695 656 τὸν

105 677 463 744 Ἱπποκράτεα·
515 675 757 747 γενέσθαι
784 679 832 729 οί
857 678 987 745 μετὰ
1012 681 1170 730 ταῦτα
1196 680 1285 732 τὸν
1311 679 1695 751 Πεισίστρατον

106 760 311 814 τοῦτον,
341 753 414 814 ὃς.
448 756 828 819 στασιαζόντων
853 761 954 808 τῶν
987 758 1235 827 παράλων
1270 758 1351 810 καὶ
1382 763 1483 811 τῶν
1514 759 1569 810 ἐκ
1600 762 1692 811 τοῦ

107 834 290 888 πεδίου
313 832 612 900 Ἀθηναίων,
642 833 724 886 καὶ
758 839 859 886 τῶν
882 834 976 901 μὲν
1008 841 1363 904 προεστεῶτος
1393 838 1692 908 Μεγακλέος

180 916 203 928 fl

111 934 205 966 του
249 910 613 978 Ἀλκμαίωνος,
661 916 763 964 τῶν
809 911 864 964 δὲ
918 912 973 965 ἐκ
1026 915 1119 965 τοῦ
1163 914 1343 967 πεδίου
1394 913 1691 985 Λυκούργου

104 984 532 1061 Ἀριστολαΐδεω,
588 987 983 1059 καταφρονήσας
1035 989 1129 1057 τὴν
1178 992 1464 1061 τυραννίδα,
1518 996 1691 1062 ἤγειρε

106 1069 286 1138 τρίτην
310 1068 519 1121 στάσιν.
590 1067 856 1132 συλλέξας
891 1068 948 1120 δὲ
983 1071 1295 1129 στασιώτας,
1324 1071 1406 1122 καὶ
1441 1073 1511 1142 τῷ
1547 1073 1689 1143 λόγῳ
1708 1084 1735 1124 5

106 1151 211 1198 τῶν
230 1143 545 1216 ὑπερακρίων
563 1145 813 1216 προστὰς,
831 1149 1113 1214 μηχανᾶται
1134 1148 1323 1200 τοιάδε.
1365 1149 1691 1219 τρωματίσας

107 1225 298 1277 ἑωυτόν
323 1245 382 1276 τε
407 1223 490 1276 καὶ
517 1221 769 1290 ἡμιόνους,
797 1225 968 1291 ἤλασε
996 1224 1048 1278 ἐς
1074 1224 1165 1292 τὴν
1190 1224 1381 1296 ἀγορὴν
1405 1228 1464 1279 τὸ
1494 1227 1687 1297 ζεῦγος,

107 1303 178 1358 ὧς
205 1301 532 1372 ἐκπεφευγως
558 1322 677 1355 τους
703 1300 936 1371 ἐχθροὺς,
959 1298 1015 1354 οἵ
1033 1323 1121 1369 μιν
1146 1301 1482 1356 ἐλαύνοντα’
1454 1325 1507 1358 ες
1532 1304 1692 1375 ἀγρὸν

103 1377 369 1448 ἠθέλησαν
393 1379 648 1432 ἀπολέσαι
669 1379 836 1447 δῆθεν·
879 1379 1047 1432 ἐδέετό
1073 1402 1129 1433 τε
1148 1384 1239 1433 τοῦ
1268 1379 1429 1448 δήμου
1454 1383 1691 1450 φυλακῆς

105 1479 246 1513 τινος
269 1459 400 1528 πρὸς
425 1457 580 1510 αὗτοῦ
615 1459 851 1528 κυρῆσαι,
879 1460 1131 1529 πρότερον
1166 1457 1504 1527 εὐδοκιμήσας
1539 1459 1593 1510 ἐν
1627 1463 1689 1527 τῇ

103 1537 237 1606 πρὸς
272 1534 541 1606 Μεγαρέας
574 1534 816 1607 γενομένῃ
856 1535 1157 1606 στρατηγίῃ,
1188 1536 1412 1590 Νίσαιάν
1445 1557 1502 1588 τε
1537 1537 1685 1598 ἐλὼν,

105 1614 192 1666 καὶ
231 1613 372 1666 ἄλλα
409 1613 784 1680 ἀποδεξάμενος
821 1615 1023 1682 μεγάλα
1061 1614 1205 1684 ἔργα.
1274 1612 1335 1665 ‘0
1374 1613 1430 1666 δὲ
1466 1614 1625 1682 δῆμος
1659 1618 1688 1668 ὁ
1710 1633 1735 1674 e

104 1696 210 1744 τῶν
232 1690 513 1753 Ἀθηναίων
547 1691 894 1758 ἐξαπατηθεὶς,
923 1689 1081 1744 ἔδωκέ
1114 1693 1163 1744 οἱ
1199 1696 1301 1744 τῶν
1334 1691 1507 1745 άστῶν
1533 1712 1686 1746 κατα·

102 1769 265 1836 λέξας
299 1769 484 1840 ἄνδρας
516 1766 746 1830 τούτους,
784 1765 834 1821 οἳ
870 1769 1155 1840 δορυφόροι
1191 1770 1286 1838 μὲν
1320 1770 1411 1823 οὔκ
1455 1769 1687 1842 ἐγένοντο

101 1848 510 1917 Πεισιστράτου,
552 1847 896 1916 κορυνηφόροι
947 1847 1025 1900 δέ.
1107 1845 1279 1914 ξύλων
1321 1849 1423 1920 γὰρ
1476 1847 1688 1921 κορύνας

101 1927 312 1995 ἔχοντες
343 1922 544 1979 εἵποντό
579 1926 630 1977 οί
673 1922 880 1978 ὄπισθε.
949 1929 1421 1982 συνεπαναστάντες
1454 1929 1510 1980 δὲ
1545 1928 1687 1982 οὗτοι
1706 1935 1732 1977 Y

99 2006 208 2072 ἅμα
259 2005 643 2075 Πεισιστράτῳ,
685 2004 848 2072 ἔσχον
885 2002 977 2070 τὴν
1015 2004 1312 2074 ἀκρόπολιν.
1394 2005 1515 2058 ἔνθα
1554 2007 1614 2074 δὴ
1656 2010 1686 2060 ὁ

97 2082 486 2152 Πεισίστρατος
523 2078 654 2151 ἦρχε
689 2079 985 2148 Ἀθηναίων,
1024 2085 1142 2135 οὔτε
1180 2084 1328 2151 τιμὰς
1366 2085 1458 2139 τὰς
1494 2082 1685 2139 ἐούσας
1712 2104 1830 2134 ean.

100 2160 443 2229 συνταράξας,
487 2161 605 2211 οὔτε
658 2158 845 2227 θέσμια
894 2160 1236 2227 μεταλλάξας·
1306 2160 1394 2214 ε’πί
1444 2182 1500 2213 τε
1545 2164 1685 2216 τοῖσι
1727 2153 1824 2234 ἓόὃί·

98 2243 420 2292 κατεστεῶσι
447 2238 590 2305 ἔνεμε
615 2237 707 2304 τὴν
739 2239 910 2296 πόλιν,
939 2237 1176 2305 κοσμέων
1210 2240 1379 2292 καλῶς
1412 2259 1469 2290 τε
1496 2239 1577 2290 καὶ
1605 2238 1679 2293 εὖ.

99 2313 249 2366 Μετὰ
289 2315 344 2368 δὲ
383 2314 443 2368 οὗ
479 2315 680 2369 πολλὸν
717 2314 903 2378 χρόνον
939 2312 1101 2365 rann-a
1141 2311 1492 2378 φρονήσαντες
1528 2312 1581 2366 οἵ
1612 2336 1666 2367 τε
1702 2315 1780 2368 60

98 2394 194 2444 τοῦ
231 2387 564 2462 Μεγακλέους
591 2393 875 2440 στασιῶται
903 2388 984 2440 καὶ
1012 2389 1062 2439 οἱ
1099 2391 1190 2439 τοῦ
1227 2386 1540 2459 Λυκούργου,
1570 2390 1680 2456 ἐξε-

97 2467 355 2524 λαύνουσί
378 2489 483 2535 μιν.
555 2462 688 2518 οὕτω
712 2465 807 2534 μὲν
831 2464 1214 2534 Πεισίστρατος
1240 2463 1369 2533 ἔσχε
1395 2468 1455 2518 τὸ
1480 2472 1683 2537 πρῶτον
1700 2482 1726 2521 ·2

97 2546 335 2617 Ἀθήνας,
357 2546 440 2599 καὶ
459 2544 552 2613 τὴν
570 2542 839 2615 τυραννίδα
853 2545 986 2594 οὔκω
1007 2544 1165 2614 κάρτα
1183 2540 1515 2612 ἐρριζωμένην
1530 2546 1680 2613 ἔχων,
