1975 2892
224 52 340 109 276
805 59 1215 107 ΗΡοΔοΤοΥ

1541 123 1617 173 [Α.
1637 124 1687 164 c.
1707 124 1797 165 521.

221 177 346 238 εἶσὶ,
375 181 532 248 κρεῶν
557 176 762 230 ἐδεσταὶ
791 177 956 245 ὠμῶν·
989 176 1253 229 καλέονται
1282 174 1339 227 δὲ
1357 174 1594 226 Παδαῖοι.
1626 180 1805 241 νομαί-

185 270 209 310 2
225 276 332 309 οισι
371 256 428 309 δὲ
465 255 694 308 τοιοῖσδε
737 254 976 325 λέγονται
1021 253 1269 323 χρᾶσθαι.
1314 251 1371 307 ὃς
1415 252 1477 304 ἂν
1522 253 1657 318 κάμῃ
1709 258 1813 303 τῶν

223 334 414 393 ἀστῶν,
443 336 504 401 ἤν
529 354 586 385 τε
609 332 736 403 γυνὴ
763 334 826 401 ἥν
860 354 918 385 τε
950 332 1095 401 ἀνὴρ,
1124 333 1213 384 τὸν
1244 331 1338 399 μὲν
1367 330 1523 399 ἄνδρα
1548 330 1740 399 ἄνδρες
1767 331 1815 381 οἱ

223 412 452 480 μάλιστά
477 411 527 463 οἱ
553 411 843 480 ὁμιλέοντες
869 410 1142 471 κτείνουσι,
1164 410 1385 478 φάμενοι
1410 408 1563 459 αὐτὸν
1590 410 1815 474 τηκόμε-

185 502 312 543 δνον
336 490 400 557 τῇ
426 487 596 561 νούσῳ
621 489 684 541 τὰ
712 488 831 558 κρέα
858 487 1023 557 σφίσι
1045 486 1452 556 διαφθείρεσθαι.
1496 487 1524 537 ὁ
1550 486 1613 537 δὲ
1640 486 1814 555 ἄπαρ-

225 570 311 622 νός
351 568 466 620 ε’στι
503 567 571 635 μὴ
611 566 704 635 μὲν
743 566 956 619 νοσέειν·
1002 566 1053 617 οἶ
1093 566 1167 625 δὲ,
1210 565 1270 617 οὐ
1312 566 1812 633 συγγινωσκόμενοι,

223 645 603 700 ἀποκτείναντες
629 643 1040 712 κατευωχέονται.
1086 640 1149 710 ἢν
1188 643 1243 696 δὲ
1282 641 1407 713 γυνὴ
1448 642 1602 708 κάμῃ,
1634 641 1817 695 ‹ba-afi-

223 743 323 778 τως
375 724 426 775 αἱ
480 724 840 792 ἐπιχρεώμεναι
890 722 1122 789 μάλιστα
1172 723 1403 791 γυναῖκες
1451 718 1616 771 ταύτὰ
1670 723 1819 773 τοῖσι

185 800 440 870 Δάνδράσι
491 804 715 854 ποιεῦσι.
785 801 874 852 τὸν
922 799 1025 869 γὰρ
1072 798 1133 865 δὴ
1186 798 1241 852 ἐς
1288 800 1447 869 γῆρας
1499 796 1820 865 ἀπικόμενον

223 875 470 932 θύσαντες
497 878 909 946 κατευωχέονται.
954 876 1007 931 ές
1034 877 1089 929 δὲ
1125 873 1309 928 τούτου
1333 878 1493 945 λόγον
1519 874 1581 926 οὗ
1610 878 1821 930 πολλοί

221 976 352 1009 τινες
392 956 556 1008 αὐτῶν
595 955 928 1009 ἀπικνέονται·
977 956 1081 1024 πρὸ
1119 954 1219 1024 γὰρ
1260 956 1352 1006 τοῦ
1392 955 1480 1005 τὸν
1520 952 1575 1008 ἐς
1618 958 1823 1007 νοῦσον

96 1029 210 1083 100
223 1034 472 1087 πίπτοντα
496 1034 659 1087 πάντα
685 1032 960 1085 κτείνουσι.
1160 1031 1380 1101 Ἐτέρων
1406 1031 1465 1083 δέ
1486 1030 1607 1083 ἔστι
1634 1031 1825 1085 Ἰνδῶν

223 1110 308 1164 ὅδε
335 1110 495 1165 ἄλλος
521 1114 726 1181 τρόπος·
771 1113 888 1163 οὔτε
921 1110 1175 1164 κτείνουσι
1216 1110 1363 1163 οὐδὲν
1395 1110 1661 1178 ἔμψυχον,
1694 1114 1825 1164 οὔτε

223 1210 271 1242 τι
305 1189 597 1259 σπείρουσι,
626 1191 744 1241 οὔτε
782 1187 942 1243 οἰκίας
974 1184 1239 1256 νομίζουσι
1266 1186 1527 1255 ἐκτῆσθαι·
1571 1190 1817 1258 ποιηφα-

222 1266 405 1339 γέουσι
433 1268 505 1328 δὲ,
535 1267 616 1320 καὶ
642 1266 846 1319 αὐτοῖσί
871 1263 986 1318 ε’στι
1014 1266 1142 1320 ὅσον
1169 1264 1383 1336 κέγχρος
1411 1266 1468 1317 τὸ
1494 1264 1730 1335 μέγαθος
1758 1265 1817 1319 ἐν

225 1347 421 1409 κάλυκι,
451 1345 734 1411 αὐτόματον
758 1343 816 1396 ἐκ
851 1346 940 1411 τῆς
964 1346 1059 1414 γῆς
1092 1346 1373 1415 γινόμενον·
1414 1344 1475 1395 τὸ
1510 1344 1811 1414 συλλέγον-

183 1432 207 1472 2
225 1444 324 1483 τες,
354 1424 479 1491 αὐτῇ
505 1424 682 1476 κάλυκι
723 1422 922 1492 ἕψουσί
957 1443 1015 1474 τε
1055 1423 1137 1475 καὶ
1178 1420 1449 1474 σιτέονται.
1494 1418 1553 1475 ὃς
1579 1420 1635 1474 δ’
1667 1422 1783 1474 ἄν’
1758 1446 1815 1477 ες

225 1504 413 1555 νοῦσον
437 1501 601 1553 αὐτῶν
625 1500 780 1566 πέσῃ,
810 1498 1026 1552 ἔλθὼν’
1002 1522 1055 1555 ες
1080 1500 1172 1567 τὴν
1197 1500 1382 1569 ἔρημον
1407 1498 1588 1551 κέεται·
1636 1501 1809 1569 φρον-

92 1567 200 1622 101
224 1568 346 1635 τίζει
373 1572 430 1623 δὲ
457 1574 620 1629 οὐδεὶς
645 1574 749 1627 οὔτ’
779 1573 1137 1633 ἀποθανόντος,
1167 1576 1283 1627 οὔτε
1314 1576 1604 1642 κάμνοντος.
1696 1580 1802 1632 Μί-

225 1647 302 1714 ξις
329 1648 384 1703 δὲ
411 1650 602 1705 τούτων
631 1658 731 1706 τῶν
764 1651 935 1705 Ἰνδῶν
967 1658 1071 1705 τῶν
1106 1652 1357 1717 κατέλεξα
1390 1655 1593 1709 πάντων
1620 1656 1802 1727 ἐμφα-

223 1724 310 1792 νῆς
336 1725 468 1787 ἔστι,
472 1729 718 1824 κατάπερ
745 1733 846 1779 τῶν
871 1729 1163 1797 προβάτων·
1208 1729 1289 1781 καὶ
1322 1730 1381 1781 τὸ
1415 1734 1599 1797 χρῶμα
1637 1733 1812 1803 φορέ-

177 1812 203 1853 2
222 1824 342 1855 ουσι
382 1807 550 1857 ὁκοιον
588 1807 772 1860 πάντες
811 1806 892 1858 καὶ
930 1803 1294 1875 παραπλήσιον
1318 1806 1631 1876 Αἰθίοψιν]
1600 1812 1811 1879 ηγονὴ

221 1880 278 1932 δε
317 1882 497 1939 αὐτῶν,
541 1882 633 1949 τὴν
673 1883 901 1937 ἀπίενται
943 1883 998 1937 ἔς
1032 1884 1122 1938 τὰς
1161 1886 1413 1957 γυναῖκας.
1451 1885 1529 1946 οὗ,
1572 1890 1810 1958 κατάπερ

219 1962 320 2009 τῶν
343 1956 519 2010 ἄλλων
543 1959 889 2031 ἀνθρώπων,’
865 1962 980 2013 εστὶ
1005 1960 1179 2029 λευκὴ,
1210 1961 1347 2013 ἀλλὰ
1380 1962 1611 2028 μέλαινα,
1643 1968 1806 2019 κατά-

217 2056 316 2106 περ
341 2036 400 2088 τὸ
425 2042 626 2107 χρῶμα·
670 2036 903 2105 τοιαύτην
923 2040 979 2091 δε
1008 2040 1088 2092 καὶ
1107 2039 1397 2093 Αἰθίοπι-’ς’
1366 2040 1595 2092 απίενται
1616 2042 1801 2111 θορήν.

174 2118 199 2159 ⁸
213 2111 360 2167 ,οὗτοι
384 2136 477 2183 μεν
502 2120 604 2167 τῶν
627 2114 799 2169 Ἰνδῶν
835 2117 1093 2186 ἑκαστέρω
1129 2121 1229 2169 τῶν
1264 2118 1510 2187 Περσέων
1544 2118 1799 2182 οἰκέουσι,

216 2191 298 2243 καὶ
332 2194 462 2261 πρὸς
499 2195 646 2245 νότου
685 2194 888 2289 ἀνέμου·
935 2196 1016 2247 καὶ
1056 2195 1269 2265 Δαρείου
1308 2194 1560 2259 βασιλέος
1599 2197 1802 2267 οὐδαμὰ

215 2265 525 2331 ὑπήκουσαν.

81 2330 194 2383 102
283 2338 472 2396 Ἀλλοι
511 2344 567 2395 δε
607 2350 708 2397 τῶν
751 2344 924 2399 Ἰνδῶν
967 2344 1317 2451 Κασπατῦρω
1335 2370 1393 2403 τε
1428 2352 1555 2403 πόλι
1599 2354 1685 2405 και
1728 2358 1789 2422 τῇ

211 2416 464 2499 Πακτυικῇ
496 2424 636 2487 χώρῃ
664 2424 768 2475 εἶσὶ
792 2425 1097 2495 πρόσουροι,
1126 2429 1257 2497 πρὸς
1282 2427 1468 2497 ἄρκτου
1493 2451 1550 2482 τε
1578 2431 1661 2483 καὶ
1688 2434 1789 2494 βο-

208 2482 310 2548 pe'oe
343 2489 528 2557 ἀνέμου
563 2501 904 2568 κατοικημενοι
937 2510 1040 2557 τῶν
1072 2505 1247 2565 ἄλλων
1271 2504 1462 2569 Ἰνδῶν,
1491 2505 1541 2561 οἳ
1568 2512 1790 2582 Βακτρί-

1938 1402 1940 1487 4
