1975 2892
546 122 1037 169 eAAEIA.-—111.
1068 128 1239 182 25-27.
1565 115 1679 168 235

97 188 166 227 01.
185 186 245 227 σε.
265 187 402 227 ι-σι,
417 187 479 235 aa

101 239 412 311 ἐπορεύοντο
458 241 662 310 ἔχοντες
707 241 958 313 ἀγωγοὺς,
1000 242 1294 312 ἀπικόμενοι
1339 244 1434 312 μὲν
1472 245 1692 315 φανεροί

103 319 214 373 εἶσι
255 318 308 374 ἐς
335 317 529 372 Ὄασιν
566 322 740 381 πόλιν,
769 320 860 387 τὴν
898 320 1082 389 ἔχουσι
1121 322 1215 389 μὲν
1246 322 1441 388 Σάμιοι,
1470 326 1560 391 τῆς
1595 322 1687 375 Αἷ-

104 396 390 468 σχριωνίης
437 398 610 467 φυλῆς
652 400 923 468 λεγόμενοι
963 393 1107 451 εἶναι·
1164 398 1421 467 ἀπέχουσι
1462 401 1517 453 δέ
1562 400 1691 453 ἔπτὰ

103 474 335 546 ἡμερέων
361 475 480 529 ὁδὸν
507 474 606 529 άπὸ
636 475 848 542 θηβέων
874 476 958 529 διὰ
985 476 1223 545 ψάμμου·
1268 476 1596 545 οὗνομάζεται
1634 478 1690 530 δὲ

103 556 140 606 ὅ
193 558 364 623 χῶρος
415 552 565 608 οὗτος
618 554 744 606 κατὰ
793 552 1060 621 Ἑλλήνων
1109 556 1382 625 γλῶσσαν,
1432 556 1691 624 Μακάρων

104 633 286 698 νῆσος·
330 630 385 685 ἐς
409 631 502 698 μὲν
529 630 590 699 δὴ
625 634 809 684 τοῦτον
843 632 933 685 τὸν
967 636 1141 702 χῶρον
1174 633 1383 703 λέγεται
1418 632 1725 690 ἅπικέσθαις

103 710 200 762 τὸν
235 712 476 779 στρατόν·
532 710 592 762 τὸ
633 708 864 763 ἐνθεῦτεν
903 710 976 774 δὲ,
1008 708 1087 763 ὅτι
1126 709 1195 778 μὴ
1236 710 1380 764 ain-oi
1414 710 1691 779 Ἀμμώνιοι

105 786 193 840 καὶ
219 788 268 839 οἱ
303 784 501 841 τούτων
535 786 862 849 ἀκούσαντες,
891 788 1049 841 ἄλλοι
1085 788 1287 843 οὐδένες
1322 789 1469 842 οὐδὲν
1508 790 1693 859 ἔχουσι

107 864 269 919 εἶπεῖν
303 867 420 936 περὶ
456 865 638 918 αὐτῶν·
685 867 802 918 οὔτε
839 866 940 937 γὰρ
979 865 1036 921 ἐς
1072 866 1191 921 τοὺς
1216 865 1530 935 Ἀμμωνίους
1570 866 1687 919 ἀπί-

105 964 279 1005 κοντο,
309 945 427 996 οὔτε
453 942 624 997 ὀπίσω
653 942 959 1011 ἐνόστησαν.
1002 943 1209 1014 λέγεται
1246 945 1301 997 δὲ
1338 946 1421 998 καὶ
1457 946 1579 999 τάδε
1604 943 1727 1003 {ns-’8

105 1022 274 1075 αὐτῶν
298 1020 611 1091 Ἀμμωνίων·
657 1020 834 1090 ἐπειδὴ
873 1021 932 1074 ἐκ
968 1023 1058 1089 τῆς
1091 1020 1307 1077 Ὀάσιος
1344 1020 1527 1091 ταύτης
1566 1023 1692 1076 ἶέναι

107 1100 196 1155 διὰ
221 1101 310 1167 τῆς
334 1100 554 1171 ψάμμου
580 1098 666 1154 ἐπὶ
693 1098 886 1169 σφέας,
914 1098 1157 1167 γενέσθαι
1192 1121 1248 1153 τε
1283 1100 1466 1156 αὐτοὺς
1497 1099 1691 1169 μεταξύ

108 1198 204 1231 κου
229 1180 459 1245 μάλιστα
493 1178 658 1232 αὐτῶν
692 1199 749 1230 τε
783 1178 867 1230 καὶ
907 1180 999 1245 τῆς
1026 1178 1251 1244 Ὀάσιος,
1282 1177 1497 1249 ἄριστον
1523 1180 1690 1249 αἶρεο·

105 1254 310 1325 μένοισι
335 1254 566 1309 αὐτέοισι
591 1253 894 1310 ἐπιπνεῦσαι
916 1258 1065 1310 νότον
1083 1254 1243 1326 μέγαν
1261 1277 1319 1309 τε
1338 1257 1419 1309 καὶ
1438 1255 1689 1323 ἐξαίσιον,

108 1333 368 1403 φορέοντα
403 1332 459 1387 δὲ
495 1332 636 1389 θῖνας
669 1334 758 1401 τῆς
792 1334 1034 1404 ψάμμου,
1061 1334 1359 1404 καταχῶσαί
1394 1336 1582 1403 σφεας,
1612 1334 1694 1387 καὶ

109 1414 286 1483 τρόπῳ
313 1408 526 1484 τοιούτῳ
553 1410 919 1481 ἀφανισθῆναι.
1002 1410 1280 1479 Ἀμμώνιοι
1314 1412 1409 1479 μὲν
1434 1408 1567 1464 οὕτω
1602 1409 1690 1463 λέ·
1704 1426 1733 1467 4

107 1510 272 1561 γουσι
295 1488 538 1559 γενέσθαι
563 1490 681 1559 περὶ
707 1491 798 1557 τῆς
819 1491 1063 1556 στρατιῆς
1087 1484 1289 1555 ταύτης.

195 1558 504 1629 Ἀπιγμένου
543 1560 601 1613 δὲ
655 1560 945 1631 Καμβύσεω
1000 1562 1053 1617 ἐς
1105 1562 1336 1633 Μέμφιν,
1389 1562 1551 1634 ἐφάνη
1598 1566 1686 1620 At·
1706 1563 1785 1633 27

117 1637 384 1707 γυπτίοισι
425 1641 454 1691 ὁ
496 1636 673 1703 ''An-w,
713 1641 803 1695 τὸν
847 1636 1099 1709 Ἕλληνες
1138 1640 1387 1711 Ἔπαφον
1424 1643 1687 1701 καλέουσι.

109 1719 388 1791 ἐπιφανέος
439 1720 496 1773 δὲ
536 1718 721 1774 τούτου
771 1720 1065 1791 γενομένου,
1108 1719 1286 1773 αὐτίκα
1325 1721 1375 1772 οἱ
1427 1718 1695 1791 Αἰγύπτιοι

110 1794 290 1867 εἵματά
325 1819 381 1851 τε
417 1798 638 1869 ἐφόρεον
671 1798 736 1851 τὰ
771 1799 1049 1860 κάλλιστα,
1083 1798 1165 1851 καὶ
1200 1795 1335 1865 ἦσαν
1370 1798 1423 1851 ἐν
1460 1798 1693 1867 θαλίῃσι.

111 1876 234 1930 ἰδὼν
265 1876 322 1929 δὲ
359 1879 517 1929 ταῦτα
551 1875 672 1931 τοὺς
697 1875 1007 1945 Αἰγυπτίους
1044 1879 1309 1933 ποιεῦντας
1336 1880 1363 1929 ὅ
1392 1875 1735 1945 Καμβύσης,2

109 1955 289 2025 πάγχυ
317 1954 489 2024 σφέας
519 1954 816 2020 καταδόξας,
835 1955 1027 2008 ἑωυτοῦ
1054 1960 1216 2010 κακῶς
1240 1952 1543 2026 πρήξαντος,
1565 1978 1695 2026 χαρ-

107 2034 312 2101 μόσυνα
337 2036 494 2085 ταῦτα
519 2031 726 2093 ποιέειν,
751 2032 928 2085 ἐκάλεε
953 2031 1077 2087 τοὺς
1102 2032 1406 2103 ἐπιτρόπους
1432 2036 1522 2101 τῆς
1548 2034 1694 2102 Μέμ-

111 2112 255 2180 φιος·
300 2110 632 2180 ἀπικομένους
671 2110 726 2163 δὲ
767 2110 820 2165 ἐς
858 2108 1005 2180 ὄψιν,
1040 2106 1201 2180 εἴρετο
1240 2110 1277 2137 “
1296 2109 1325 2163 ὅ
1363 2131 1415 2163 τι
1448 2114 1700 2182 πρότερον

107 2188 224 2256 μέν,
269 2187 442 2243 ἐόντος
481 2188 638 2241 αὐτοῦ
681 2188 734 2241 ἐν
786 2189 989 2258 Μέμφι,
1035 2187 1235 2242 ἐποίευν
1275 2191 1509 2241 τοιοῦτον
1553 2188 1699 2241 οὐδὲν

111 2262 403 2336 Αἰγύπτιοι·
460 2268 579 2319 τότε
624 2266 697 2331 δὲ,
748 2265 857 2319 ἐπεὶ
903 2266 1055 2321 αὐτὸς
1098 2264 1277 2336 παρείη
1324 2267 1412 2332 τῆς
1458 2267 1701 2336 στρατιῆς

110 2342 314 2411 πλῆθός
338 2364 390 2396 τι
415 2344 697 2408 ἀποβαλών
713 2340 776 2404 ;''
818 2344 868 2397 οἱ
904 2343 960 2397 δὲ
987 2343 1227 2413 ἔφραζον,
1258 2343 1325 2398 ὥς
1353 2344 1457 2411 σφι
1484 2342 1598 2399 θεὸς
1624 2339 1699 2409 εἴη
1716 2361 1743 2404 ⁸

112 2423 315 2492 φανεὶς,
345 2422 428 2475 διὰ
453 2421 645 2493 χρόνου
671 2423 876 2475 πολλοῦ
903 2420 1071 2475 ἐωθὼς
1098 2420 1479 2489 ἐπιφαίνεσθαι·
1525 2420 1607 2473 καὶ
1634 2421 1703 2476 ὡς

113 2500 269 2554 ἐπεὰν
295 2500 452 2569 φανῇ,
475 2501 592 2552 τότε
617 2500 801 2554 πάντες
820 2500 870 2552 οἶ
895 2496 1165 2569 Αἰγύπτιοι
1192 2500 1524 2569 κεχαρηκότες
1550 2500 1701 2569 ὁρτά-

832 2580 848 2599 θ

115 2579 271 2645 ζοιεν.
333 2580 492 2631 ταῦτα
543 2574 768 2633 ἀκούσας
820 2600 849 2630 ο
903 2574 1208 2645 Καμβύσης,
1255 2577 1358 2647 ἔφη
1409 2574 1705 2648 ψεύδεσθαί
1718 2587 1746 2631 4
